2054 3496
607 194 1176 267 Phflosophico-Pontica.
1690 158 1766 260 213

46 274 92 310 ita
101 273 311 323 Agrifolium
329 274 364 310 in
374 272 525 322 lapidem
541 272 746 310 subviridem
762 283 875 310 mutat
886 296 897 314 ,
919 283 959 309 ut
972 274 1178 322 plerumque
1194 284 1235 308 ex
1249 284 1292 309 eo
1312 273 1442 309 formas
1464 270 1615 310 efficiant
1632 275 1674 311 ad
1693 275 1771 311 fun-

48 315 180 358 dendas
194 323 373 371 plumbeas
388 322 531 371 glandes
547 321 704 371 sclopetis
724 323 945 358 inservientes
962 336 970 356 :
986 323 1070 358 labri
1088 324 1190 357 etiam
1206 321 1271 362 illi,
1294 321 1353 369 qui
1370 322 1405 356 in
1422 333 1489 357 aere
1504 334 1710 370 operantur,
1729 334 1773 359 ex

48 372 177 406 eodem
193 370 383 407 conficiant
400 371 472 405 suas
490 370 641 412 formas,
654 371 690 407 ὅ(
707 371 828 406 ollulas
845 370 986 405 fulorias
1000 394 1010 410 ,
1034 371 1069 407 ὅ(
1091 370 1253 405 mulieres
1274 382 1418 418 quoque
1441 372 1594 406 rotunda
1617 372 1673 408 [ua
1696 383 1772 408 ver-

45 418 167 460 ticilla,
182 419 308 468 quibus
324 419 416 463 fusos
430 419 595 467 cingunt,
612 428 650 455 ut
666 420 709 455 eo
728 419 954 455 commodius
969 418 1024 454 fila
1037 418 1367 466 deducantapenso.

143 516 301 564 Qaeres.
351 514 494 563 Qae'lit
509 515 897 551 causacondensationis
913 514 1066 568 lapideae.
1120 513 1343 563 Respondeo,
1356 513 1668 551 condensationem
1678 516 1770 553 hanc

0 599 1 605 ,
46 561 121 600 fieri
138 567 184 600 ob
194 564 379 599 mixturam
395 563 592 599 oleosorum
608 575 688 599 cum
706 564 821 612 spiritu
836 563 922 604 salis,
939 575 1037 610 cujus
1053 572 1190 603 natura,
1203 564 1253 598 uti
1271 563 1307 599 ὅ(
1323 562 1457 612 frigoris
1475 563 1522 598 est
1536 586 1546 604 ,
1560 565 1663 600 obvia
1678 576 1770 613 quae-

46 623 116 658 que
125 612 349 649 condensare.
400 613 507 647 Unde
523 612 558 647 &
574 612 609 647 in
623 613 854 647 animantibus
866 623 908 647 ex
916 612 979 647 sale
988 611 1320 659 nascunturlapides.
1372 611 1569 648 Confirmat
1583 613 1658 648 haec
1667 624 1770 661 expe-

0 674 1 682 *
45 661 361 709 rimentoJoannes
369 660 519 695 Faberin
528 660 704 709 Hydrogr.
714 661 772 696 ubi
782 660 910 696 scribit:
925 659 945 694 fi
962 660 1043 695 oleo
1054 672 1114 707 per
1124 659 1378 702 distillationem
1396 660 1437 696 sal
1452 661 1567 696 omnis
1581 661 1769 702 eximatur,

0 720 3 754 ᾗ
46 707 131 744 illud
149 721 215 744 nec
230 709 516 745 condensandum
529 708 694 756 ampliuS,
711 720 779 745 nec
795 708 1082 758 conglaciandam
1099 721 1110 754 ;
1131 709 1235 756 quam
1249 709 1422 744 rationem
1446 708 1549 744 etiam
1566 707 1688 751 affert,
1707 721 1770 747 cut

45 755 264 798 sublimatum
285 757 462 806 congelari
475 767 637 805 nequeat.

144 853 310 902 Colliges.
360 852 587 902 Lapidescere
596 852 697 889 etiam
714 852 785 889 illas
794 864 916 900 aquas,
933 864 1009 900 quae
1024 852 1211 902 plurimum
1225 851 1335 902 gypsi,
1346 862 1405 888 aut
1419 851 1482 888 luti
1492 851 1608 889 viscoli
1621 854 1768 895 vehunt,

45 902 146 939 facile
160 903 254 938 enim
266 904 388 937 harum
401 902 603 950 corpuscula
618 902 728 938 obviis
740 900 874 949 injeffis
886 902 1035 937 materiis
1045 902 1112 937 sese
1126 901 1351 951 agglutinant.
1404 902 1510 937 Unde
1523 901 1716 950 &lapidem
1726 904 1767 939 ti-

45 951 140 987 biars
147 952 248 987 obvia
256 951 366 991 dabit,
375 962 501 999 nempe
510 950 529 985 fi
539 950 686 998 lapidem
698 953 946 999 quemcunque
956 951 989 985 in
1000 950 1166 998 pollinem
1176 950 1371 990 reduxeris,
1386 948 1423 986 ὃ(
1437 962 1524 997 aqua
1542 950 1679 987 Γυὺειᾶὶο
1689 963 1767 987 mo·

46 999 165 1034 dicum
182 999 272 1040 (alis,
288 1010 347 1034 aut
361 999 440 1035 nitri
456 999 648 1043 miscueris;
669 999 751 1034 huic
766 999 934 1047 quidquid
952 998 1116 1034 immersae
1131 998 1184 1034 seu
1202 1009 1337 1047 pannus
1353 999 1379 1033 is
1395 998 1449 1038 fit,
1466 999 1522 1034 seu
1539 1000 1645 1035 herba
1661 1022 1671 1040 ,
1689 1012 1767 1036 cor-

46 1048 116 1083 tice
125 1048 261 1096 lapideo
279 1047 472 1084 obductum
487 1048 631 1094 recipies
642 1049 714 1082 non
724 1047 836 1088 secus,
856 1059 896 1082 ac
907 1047 1133 1096 dumlignum
1143 1059 1228 1082 cerae
1238 1048 1398 1096 linquatae
1408 1048 1645 1096 immergitur,
1665 1050 1766 1084 cerea

48 1095 158 1132 crusta
174 1095 359 1135 investitur.
416 1095 546 1131 Pariter
562 1095 596 1131 ὅ(
613 1095 674 1130 illae
688 1107 784 1144 aquae
798 1096 914 1131 faciles
931 1096 1007 1131 sunt
1021 1097 1063 1131 ad
1073 1097 1338 1145 generationem
1354 1095 1492 1143 lapidis,
1507 1097 1631 1144 quibus
1645 1096 1767 1132 alumi-

45 1145 99 1180 nis
110 1145 211 1192 copia
224 1144 447 1180 immiscetur.
499 1145 591 1179 Nam
609 1144 629 1178 li
639 1144 767 1191 lapides
776 1144 987 1179 aluminosos
1003 1145 1208 1179 irroratione
1220 1145 1392 1192 frequenti
1403 1156 1558 1180 maceres
1571 1167 1581 1185 ,
1599 1146 1715 1181 donec
1729 1146 1766 1181 in

47 1192 179 1230 calcem
192 1193 407 1242 redigantur,
422 1202 526 1241 atque
543 1192 701 1228 inlebete
716 1200 862 1241 coquaS,
879 1192 1008 1241 lapides
1022 1192 1177 1240 crystallo
1194 1193 1316 1229 ssmiles
1327 1191 1474 1234 efficies,
1487 1193 1572 1229 teste
1579 1193 1766 1230 Kirchero.

146 1289 291 1336 Quaeres
307 1289 442 1326 ultimo.
493 1291 551 1325 An
566 1289 669 1325 etiam
679 1290 805 1325 dentur
813 1289 946 1330 fontes,
955 1288 1065 1330 lacus,
1075 1289 1111 1326 ὅ(
1120 1287 1263 1325 flumina
1271 1288 1436 1339 praesagiis
1446 1288 1619 1325 malorum
1628 1301 1763 1327 memo-

44 1338 190 1375 rabiles?
207 1339 433 1387 Respondeo,
448 1337 531 1373 tales
546 1338 695 1373 omnino
705 1340 745 1373 ab
754 1338 934 1374 Historicis
948 1339 1097 1378 adduci,
1113 1338 1221 1374 multa
1237 1348 1355 1374 tamen
1374 1361 1384 1379 ,
1401 1350 1476 1387 quae
1489 1340 1532 1374 de
1545 1339 1598 1374 his
1616 1339 1767 1375 scribunn

47 1396 122 1427 tur,
136 1386 292 1422 existimo
310 1389 352 1423 ad
366 1385 552 1422 fabulosam
569 1387 808 1433 antiquitatem
823 1387 1031 1422 remittenda
1046 1386 1123 1422 esse.
1174 1388 1230 1422 Sic
1245 1388 1413 1427 scribitur,
1428 1387 1597 1423 Althernii
1612 1388 1648 1423 in
1663 1388 1766 1424 ditio-

45 1446 93 1470 ne
106 1435 251 1471 civitatis
268 1435 437 1471 [nmenfis
447 1435 582 1470 fontem
599 1434 681 1475 effe,
698 1447 803 1482 quem
819 1436 946 1470 famem
963 1435 1155 1483 appellant,
1171 1437 1252 1471 cum
1262 1437 1400 1471 uberius
1412 1446 1567 1476 emanat,
1582 1437 1711 1472 famem
1729 1437 1767 1474 ὅ(

47 1495 196 1522 annonae
212 1484 387 1520 caritatem
406 1484 620 1531 praenuntiat.
672 1483 818 1518 Glanizii
835 1484 869 1518 in
879 1483 1000 1519 Misnia
1010 1485 1190 1533 Scaturigo
1206 1485 1364 1532 quaedam
1380 1484 1492 1520 rivulo
1513 1485 1572 1520 suo
1582 1485 1700 1521 Albim
1715 1486 1766 1522 in-

47 1531 134 1573 fluit,
143 1544 218 1580 quae
234 1532 256 1567 fi
270 1545 394 1580 aquam
403 1531 513 1567 volvit
527 1533 663 1567 rubram
679 1531 779 1567 instar
789 1531 971 1581 sanguinis,
982 1532 1111 1567 bellum
1127 1533 1276 1572 indicat,
1292 1535 1374 1568 cum
1389 1536 1474 1569 vero
1484 1534 1637 1569 cinerem
1653 1533 1766 1570 effun-

49 1581 253 1629 dit,pestem
268 1580 431 1630 praesagit.
481 1580 517 1615 ln
533 1579 694 1616 Helvetia
709 1581 820 1616 amnis
837 1581 884 1615 est
898 1580 1022 1616 incolis
1037 1581 1169 1617 dietus:
1191 1583 1247 1619 bie
1257 1582 1612 1624 Siebmannssbacb!
1629 1583 1688 1630 qui
1705 1595 1766 1619 an-

47 1630 181 1665 nuatim
190 1629 223 1664 in
232 1631 415 1665 Autumno
424 1629 612 1670 evanescit,
631 1629 666 1664 in
674 1641 756 1665 vere
764 1639 880 1664 autem
890 1630 1008 1664 denuo
1020 1630 1187 1677 erumpit,
1196 1630 1230 1666 &
1240 1628 1330 1670 fluit,
1349 1631 1430 1666 cum
1448 1631 1550 1666 serius
1566 1642 1666 1666 more
1679 1643 1765 1668 con-

47 1678 145 1714 sueto
156 1678 190 1712 in
199 1680 381 1713 Autumno
393 1677 525 1713 fluxum
534 1678 732 1717 continuat,
742 1690 874 1712 annum
890 1679 1025 1713 bonum
1036 1690 1076 1714 ac
1085 1678 1231 1713 fertilem
1241 1689 1429 1714 venturum
1438 1680 1665 1727 praenuntiat;
1681 1692 1765 1717 cum

46 1736 133 1762 vero
145 1725 243 1761 solito
253 1727 340 1761 citus
355 1725 534 1766 exarescit,
549 1727 716 1761 damnum
726 1727 761 1761 in
774 1727 826 1761 fru
854 1727 955 1761 ibusa
969 1727 1100 1776 frigore
1114 1728 1269 1762 futurum
1286 1727 1448 1777 praesagit.
1500 1728 1540 1763 In
1558 1728 1667 1764 salinis
1683 1728 1765 1765 fon-

47 1775 301 1810 tibusBochnae
316 1776 350 1810 in
360 1774 523 1814 Polonia,
538 1786 619 1810 cum
632 1739 994 1810 audiuntur-latrantes
1005 1787 1125 1815 canes,
1140 1775 1194 1811 vel
1211 1776 1288 1824 galli
1299 1785 1477 1811 cantantes
1487 1798 1496 1816 ,
1506 1776 1560 1812 vel
1568 1777 1672 1812 etiam
1680 1777 1765 1813 alio.

48 1834 129 1859 rum
154 1822 394 1870 quorumlibet
408 1823 607 1858 animalium
625 1823 793 1858 clamores
809 1824 1486 1872 infortuniumimminenspraenuntiant.
1513 1825 1626 1873 Prope
1635 1828 1762 1861 Volater-

47 1872 139 1907 rasin
152 1871 311 1907 Toscana
326 1872 493 1920 scaturigo
509 1872 665 1919 quaedam
681 1873 723 1907 ad
746 1873 869 1907 decem
886 1873 1017 1920 pedum
1033 1871 1252 1908 altitudinem
1273 1884 1376 1921 aquas
1392 1872 1562 1912 effundi&
1577 1886 1657 1909 cum
1675 1875 1764 1912 ultra

48 1931 127 1956 eam
141 1920 220 1955 fons
228 1920 406 1960 accrescit,
420 1920 568 1967 pluviaS,
583 1920 848 1968 actempestates
858 1919 1221 1969 fignificat3cumvero
1231 1922 1317 1957 infra
1325 1922 1533 1956 ordinariam
1542 1922 1763 1960 altitudinem

50 1969 218 2009 exundat,
236 1969 451 2004 serenitatem
461 1969 496 2005 ὅ(
505 1969 688 2004 siccitatem
697 1971 845 2004 suturam
854 1979 1058 2016 praemonet.
1110 1969 1209 2004 Plura
1219 1970 1332 2005 [imilla
1341 1970 1466 2006 adduci
1475 1969 1627 2017 possent,
1637 1983 1679 2007 ex
1687 1975 1764 2021 qui·

48 2018 112 2053 bus
120 2017 262 2066 colliges
270 2039 280 2058 ,
288 2019 508 2065 quorundam
519 2016 706 2052 effefiiuum
717 2029 759 2052 ex
768 2017 864 2053 dietis
872 2018 1043 2053 rationem
1052 2017 1163 2053 afferri
1172 2017 1266 2066 poffe
1279 2042 1288 2059 ,
1302 2018 1498 2067 aliquorum
1507 2021 1591 2055 vero
1607 2020 1765 2063 minime,

48 2067 146 2100 unde
153 2067 195 2100 ad
208 2066 336 2101 fabulas
345 2064 523 2113 rejiciendi
532 2089 542 2106 ,
551 2066 675 2114 quibus
684 2065 719 2101 &
729 2065 909 2113 sequentes
925 2066 979 2101 vel
995 2067 1147 2102 maxime
1159 2064 1323 2117 adjunge.
1375 2068 1553 2103 Memorat
1562 2067 1691 2104 Plinius
1705 2070 1763 2110 lib,

49 2125 88 2159 31.
103 2125 175 2162 cap.
185 2127 214 2151 2.
229 2115 396 2150 deAmne
404 2114 528 2149 Olachas
543 2114 636 2149 dieto
648 2114 684 2149 in
693 2114 868 2162 Bithynia,
887 2112 985 2161 cujus
999 2116 1135 2163 gurgite
1143 2113 1270 2163 perjuri
1285 2125 1451 2151 notantur
1464 2116 1534 2163 pati
1549 2116 1656 2152 veluti
1665 2116 1762 2154 flam·

49 2174 143 2198 mam
159 2173 328 2201 urentem.
379 2163 575 2198 Alexander
587 2164 629 2198 ab
636 2163 734 2199 Alex.
747 2163 837 2206 lib.5.
847 2175 935 2200 c.10.
944 2164 1164 2199 mentionem
1173 2164 1254 2200 facit
1262 2164 1369 2199 fontis
1378 2164 1525 2200 Acadini
1540 2164 1574 2199 in
1589 2165 1766 2207 Sicilia,u.

51 2211 85 2247 bi
97 2210 217 2246 tabulae
220 2209 410 2257 juramenti
418 2212 488 2247 veri
498 2212 673 2251 innatant,
689 2211 755 2246 falfi
770 2212 1039 2259 merguntur,iis
1048 2212 1278 2248 morientibus
1288 2212 1435 2261 semper,
1451 2213 1510 2262 qui
1524 2212 1766 2262 falsumjuran-

51 2268 102 2295 tes
111 2259 147 2295 in
162 2270 205 2295 eo
221 2260 253 2295 le
268 2259 400 2305 lavant3
415 2269 538 2296 contra
552 2269 670 2296 autem
686 2271 766 2297 vera
774 2258 932 2307 jurantes
945 2259 1039 2296 nulla
1050 2261 1085 2296 in
1091 2260 1420 2309 partelaedebantur.

805 2480 1146 2538 Corodarium.

14 2630 16 2701 s
53 2645 219 2779 QUae
236 2645 400 2680 dicuntur
413 2645 457 2680 de
470 2644 569 2680 fonte
585 2643 830 2700 Paphlagoniae
843 2668 852 2686 ,
866 2644 966 2694 cujus
979 2658 1068 2695 aqua
1083 2646 1154 2683 vini
1169 2658 1270 2683 more
1286 2647 1447 2690 inebriat,
1457 2648 1551 2685 certe
1559 2647 1631 2686 fieri
1643 2648 1767 2699 potest,

164 2704 203 2728 ut
215 2694 260 2728 ita
275 2693 330 2738 ἢν,
343 2693 430 2728 ratio
440 2705 545 2740 porro
556 2704 685 2741 petitur
699 2697 740 2730 ab
756 2695 795 2729 iis
811 2695 1039 2743 corpusculis,
1053 2695 1257 2732 veladmixti
1273 2696 1364 2733 succi
1376 2698 1549 2745 particulis
1563 2720 1574 2738 ,
1590 2711 1667 2746 quae
1692 2712 1769 2736 non

163 2740 336 2777 diffimiles
354 2741 604 2778 obstru&iones
619 2744 764 2778 cerebro
781 2745 1046 2780 communicant
1062 2745 1101 2779 iis
1115 2767 1125 2784 ,
1140 2756 1224 2792 quas
1238 2745 1359 2780 vinum
1374 2746 1560 2782 conciliare
1574 2746 1670 2788 solet,
1720 2749 1770 2784 Si-

5 2790 9 2833 ]
51 2790 179 2826 militer
190 2801 266 2838 quae
275 2789 365 2826 dieta
375 2790 501 2826 suntde
509 2791 624 2838 aquis,
641 2791 874 2832 oblivionem,
889 2792 943 2828 vel
956 2792 1119 2829 insaniam
1130 2815 1140 2833 ,
1154 2793 1209 2828 vel
1223 2793 1294 2828 vini
1309 2793 1451 2829 taedium
1466 2795 1733 2837 inducentibus,
1745 2795 1770 2831 st

51 2849 131 2874 vera
145 2838 432 2879 sunt,rationibus
441 2839 585 2874 minime
593 2839 839 2881 destituuntur,
849 2852 978 2897 nempe
985 2842 1067 2877 cum
1076 2840 1139 2877 illae
1147 2853 1243 2888 aquae
1257 2841 1375 2877 nostro
1386 2843 1538 2892 sanguini
1553 2843 1767 2881 comisceam-

17 2930 19 2935 .
51 2888 285 2935 tur&liicper
298 2897 413 2923 toturn
430 2899 556 2935 corpus
571 2887 783 2924 diffundatur
794 2902 806 2935 ;
818 2890 903 2937 quid
916 2901 1045 2925 mirum
1057 2913 1067 2930 ,
1082 2890 1102 2925 fi
1119 2901 1248 2945 organa
1262 2890 1320 2925 tali
1334 2892 1445 2927 modo
1460 2914 1471 2933 ,
1486 2891 1541 2927 vel
1557 2892 1612 2928 tali
1627 2893 1770 2934 afficiat,

54 2946 96 2971 ex
109 2947 180 2983 quo
196 2936 363 2983 sequitur,
378 2935 433 2971 vel
447 2936 590 2977 insania,
606 2936 661 2972 vel
677 2936 824 2978 oblivio,
839 2938 895 2974 vel
908 2950 1003 2974 mors
1012 2938 1158 2987 ipsa,vel
1173 2938 1245 2974 vrni
1259 2939 1482 2980 taedium,vel
1497 2940 1653 2976 sensuum
1663 2943 1770 2978 hebe-

6 2990 15 3018 'z
52 2984 161 3030 tud03
176 2985 250 3020 haec
258 2984 354 3019 enim
370 2985 489 3019 omnia
499 2984 602 3020 talem
619 2996 832 3040 organorum
848 2985 1109 3034 dispositionem
1125 2986 1317 3022 defiderant
1331 3010 1341 3028 ,
1357 2999 1461 3035 quam
1477 2988 1625 3025 omnino
1640 2990 1775 3028 tollunt-

54 3042 95 3067 ea
115 3032 316 3081 corpuscula
329 3043 438 3080 ,quae
457 3033 626 3080 praedietis
641 3045 737 3081 aquis
757 3035 909 3071 admixta
929 3035 1014 3071 sunt.
1089 3036 1200 3083 Qod
1228 3037 1314 3071 vero
1346 3038 1589 3073 circumfertur
1617 3040 1661 3073 de
1693 3040 1771 3075 fon.

54 3088 91 3117 te
113 3081 206 3130 apud
229 3081 480 3125 Garamantas,
499 3080 599 3130 cujus
612 3093 708 3139 aquae
723 3082 834 3121 noem
855 3081 1064 3169 calidiffimg
1073 3083 1182 3168 gunt,
1198 3085 1243 3121 de
1262 3085 1408 3122 meridie
1424 3087 1509 3124 vero
1534 3084 1772 3171 fi·igidiffi1n{t·,

95 3149 99 3153 .
795 3152 797 3155 ⁴
1108 3142 1122 3178 3
1738 3147 1771 3171 a.
