2054 3496
633 171 996 244 Philosophico-
1004 174 1211 225 Politica.
1706 187 1795 242 159

66 246 294 295 degeneraret
310 271 322 289 ,
338 246 498 284 saccharo
518 248 578 285 ubi
593 252 778 288 conditum
793 264 855 301 per
869 253 984 301 plures
999 264 1111 289 annos
1125 251 1319 289 conservari
1337 250 1487 287 illaesum.
1539 249 1692 287 Caeteras
1713 262 1797 287 cum

65 295 170 332 melle
179 297 357 344 qualitates
374 308 583 333 communes
592 299 714 341 habet,
729 301 890 338 salubritas
904 311 1022 337 tamen
1036 302 1095 337 illo
1103 311 1179 337 tum
1194 303 1229 337 in
1245 301 1453 339 condiendis
1464 300 1548 336 cibis
1558 310 1654 340 ,tum
1671 300 1707 335 in
1722 310 1797 334 me-

23 361 26 363 >
65 344 189 379 dicinis
204 346 448 392 temperandis.
499 346 718 384 Memoratur
732 350 854 390 etiam,
869 351 967 398 quod
979 350 1115 390 cannis,
1130 350 1149 385 e
1159 351 1283 398 quibus
1293 350 1492 387 saccharum
1501 349 1727 396 decoquitur,
1737 349 1795 383 ad-

64 391 109 427 eo
124 392 462 441 tenerescantporci,
478 403 517 430 ut
525 397 714 443 caponibus
728 398 918 433 teneriores
933 399 1140 439 reddantur,
1155 400 1355 446 quodhaud
1365 398 1474 436 dubio
1483 397 1517 433 vi
1527 396 1795 438 caleiaffivaea&

64 440 238 476 mellifluae
248 440 370 477 relisstae
380 442 415 476 in
424 441 486 477 illis
495 443 692 480 humiditati
705 457 746 480 ac
753 447 957 494 pinguedini
966 448 1238 482 attribuendum.

163 490 307 534 Quaeres
318 489 471 525 secundo
523 492 651 528 Utrum
668 494 816 541 antiquis
831 504 957 530 notum
973 495 1076 530 suerit
1091 495 1288 531 saccharum
1304 496 1318 530 ἓ
1341 493 1553 542 Respondeo
1569 491 1794 534 affirmative,

0 544 2 579 ᾗ
62 539 180 584 quoad
204 538 365 573 notitiam
388 536 492 585 hujus
509 538 720 587 substantiae3
736 541 864 577 Plinius
882 543 977 578 enim
992 543 1049 578 lib.
1064 555 1109 578 12.
1119 556 1148 581 c.
1157 550 1185 584 8.
1201 544 1244 580 fic
1258 544 1436 591 loquitur:
1463 543 1677 579 Saccharum
1694 541 1793 586 &A-

0 596 3 626 ῑ
61 586 154 621 rabia
172 586 257 625 sert,
273 586 329 622 sed
347 587 444 622 india
456 586 627 624 laudatius
643 602 654 635 ς
672 590 719 625 est
740 599 857 625 autem
871 590 940 627 mel
955 592 990 626 in
1004 592 1229 627 arundinibus
1252 590 1440 628 collectum
1460 591 1659 639 gummium
1679 591 1794 626 modo

65 634 271 674 candidum,
286 635 448 671 dentibus
461 636 653 685 frangibile.
710 639 890 674 EtSeneca
898 651 951 687 ep.
964 646 1008 680 81.
1018 637 1132 686 ajunt,
1143 641 1271 688 inquit,
1287 640 1381 687 apud
1394 640 1502 674 Indos
1513 638 1583 674 mel
1596 639 1742 675 inveniri
1757 639 1795 675 in

65 683 276 717 arundinum
291 683 397 723 soliis,
407 686 504 730 quod
520 695 580 720 aut
592 697 650 721 ros
666 686 753 721 illius
768 686 867 728 coeli,
881 698 940 723 aut
954 687 1052 735 ipsius
1068 689 1246 723 arundinis
1266 690 1396 724 humor
1411 687 1573 728 dulcis&
1586 687 1725 736 pinguis
1734 687 1793 723 est.
1814 692 1817 696 ‘

61 730 281 780 Megastenes
297 732 399 766 etiam
418 733 552 768 Indiam
569 733 694 774 asserit,
711 735 800 770 ferre
816 736 852 770 in
866 736 1094 772 arundinibus
1109 737 1179 772 mel
1194 737 1401 785 sineapibus.
1426 737 1475 771 Ex
1489 736 1614 784 quibus
1624 736 1698 772 satis
1707 747 1792 772 con-

64 777 144 820 stat,
154 778 317 814 inaudisse
329 790 463 816 veteres
477 781 585 817 multa
599 783 644 818 de
658 782 828 821 iaccharo.

160 828 302 875 Qaeres
317 828 438 868 tertio,
454 841 497 864 an
513 830 615 865 etiam
635 831 697 866 illis
712 831 815 866 fuerit
829 841 955 867 notum
971 831 1154 868 artificium
1165 832 1382 880 exprimendi
1394 832 1593 869 saccharum
1605 844 1647 868 ex
1655 832 1797 868 arundi-

61 874 162 910 nibus
172 876 206 910 in
216 876 422 912 molendino
435 878 488 917 ,in
500 890 571 925 quo
581 889 740 914 teruntur
754 891 891 921 cannae,
901 877 1099 927 cujusmodi
1109 880 1155 916 est
1171 882 1261 928 apud
1273 892 1350 918 nos,
1402 881 1613 928 Respondeo
1636 882 1798 930 probabi-

1 949 4 972 ὲ
58 923 139 958 liter
153 925 322 972 negative.
374 926 480 960 Unde
497 927 789 963 habebantsolum
804 928 931 975 aliquas
949 926 1728 976 6(paucioreshujusmodicannaS,quibusad
1744 929 1797 964 so-

60 971 92 1007 la
109 972 180 1008 fere
196 973 451 1009 medicamenta
460 977 656 1011 utebantur.
708 976 876 1012 Meminit
887 987 1004 1012 tamen
1014 977 1174 1014 Sacchari
1183 977 1288 1013 nostri
1296 988 1358 1026 per
1366 977 1517 1015 torcular
1527 975 1672 1026 expressi
1680 978 1795 1014 Varro

61 1020 313 1061 Narbonensis,
330 1023 390 1069 qui
408 1022 492 1059 vixit
509 1023 702 1071 imperante
717 1025 823 1072 Julio.

226 1117 361 1161 Indica
380 1133 458 1160 non
479 1134 623 1176 magna
642 1121 760 1163 nimis
772 1121 914 1164 arbore
938 1121 1072 1179 crescit
1092 1120 1257 1175 arundo,

227 1175 373 1220 Dulcia
385 1177 447 1218 cui
466 1180 780 1237 nequeamfitcco
798 1180 1024 1222 contendere
1039 1178 1166 1223 mella.

160 1280 316 1331 Colliges
334 1294 375 1318 ex
387 1282 473 1318 Scali
501 1295 581 1323 ero,
599 1284 658 1332 qui
672 1284 817 1320 alterum
834 1285 950 1321 adhuc
965 1284 1112 1324 sacchari
1126 1296 1238 1334 genus
1254 1284 1395 1334 reperiri
1414 1285 1478 1326 ait,
1493 1285 1593 1333 quod
1607 1296 1684 1320 non
1699 1295 1742 1321 ex
1756 1296 1789 1320 a·

61 1330 267 1366 rundinibus
285 1332 431 1366 trahitur
444 1354 454 1372 ,
476 1296 534 1366 sed
549 1343 591 1367 ex
606 1333 751 1368 Arabica
764 1334 879 1369 radice
888 1332 1026 1382 Tigala3
1054 1335 1138 1370 dicit
1153 1334 1246 1369 enim
1258 1356 1269 1376 ,
1285 1334 1384 1370 erodi
1397 1335 1542 1371 herbam
1557 1334 1576 1369 a
1594 1333 1791 1372 vermiculo

3 1399 5 1410 .
60 1380 234 1426 quodam,
252 1380 347 1415 unde
365 1378 564 1416 saccharum
581 1381 788 1430 exturgescit
801 1383 837 1416 in
850 1382 1001 1417 minutas
1016 1383 1214 1431 grandines,

0 1589 1 1592 Ἴ
399 1511 988 1580 CONCLUSIO
1046 1514 1545 1581 POLITICA.

0 1578 8 1702 'i
298 1643 306 1653 ·
663 1599 771 1666 De
789 1600 974 1666 mane
998 1596 1339 1667 consilium.

158 1751 263 1787 lffiuit
275 1751 318 1787 ad
334 1752 452 1788 Solem
468 1764 612 1793 manna,
625 1751 663 1789 ὃ(
676 1754 718 1789 ab
734 1754 862 1804 exiguo
876 1755 973 1791 radio
991 1748 1341 1790 calefat‘cum'tabefit.
1399 1756 1546 1791 Aurorae
1563 1753 1701 1792 soboles
1721 1752 1789 1797 est,

163 1810 347 1848 antequam
365 1800 461 1837 discit
473 1823 483 1842 ,
512 1801 607 1850 sapor
627 1813 775 1843 emanat,
841 1802 956 1839 Cessat
984 1813 1125 1838 manere
1148 1815 1276 1838 manna
1289 1825 1300 1843 ,
1319 1802 1341 1837 fi
1355 1813 1474 1839 manet
1489 1805 1533 1839 ad
1548 1804 1680 1839 Solem.
1731 1804 1785 1839 O-

161 1849 268 1895 ptima
279 1849 436 1897 Reipubl.
446 1851 581 1897 portio,
594 1849 735 1886 &velut
751 1850 883 1900 politici
896 1852 1052 1899 corporis
1067 1851 1211 1886 frustum
1225 1874 1235 1892 ,
1253 1851 1434 1886 confilium
1449 1851 1508 1887 est.
1558 1853 1713 1889 Verum:
1732 1853 1789 1888 De

60 1896 164 1932 mane
179 1897 371 1932 confilium.
420 1901 556 1934 Aurora
571 1898 792 1936 consiliorum
807 1899 969 1936 obstetrix
983 1899 1048 1940 est,
1063 1900 1233 1935 matutina
1247 1899 1360 1948 vigilia
1375 1900 1525 1935 acriores
1541 1899 1672 1948 spiritus
1688 1901 1786 1937 colli-

0 1951 1 1955 ’
59 1955 200 1994 guntur,
249 1946 447 1993 Depuratur
464 1949 644 1983 cerebrum
661 1948 869 1983 antelucano
887 1948 1000 1984 studio
1012 1970 1023 1989 ,
1044 1948 1260 1984 desoecatum
1276 1948 1456 1983 confilium
1473 1948 1522 1984 est
1535 1971 1546 1989 ,
1560 1950 1604 1985 ad
1617 1951 1713 1998 quod
1730 1961 1787 1985 ae-

6 2015 9 2029 2
60 2005 139 2029 rora
154 1995 368 2029 manuducit.
427 2000 574 2042 Praecnjvua
587 1997 699 2030 Po'lm'ci
711 2007 780 2043 pars
793 1997 836 2030 ef?
847 2019 858 2037 ,
877 2007 912 2030 nt
930 1998 1003 2046 wgtl
1018 2000 1127 2043 fi’mper
1147 1995 1268 2031 excubet
1280 2019 1291 2037 ‚
1305 1999 1429 2030 utilitati
1440 1998 1476 2033 ὠ
1489 1998 1641 2032 commodo
1657 1997 1783 2045 publico.

0 2059 1 2074 ÷
60 2042 166 2077 Unde
181 2043 331 2077 admotis
347 2042 480 2091 semper
494 2043 635 2079 stimulis
648 2043 679 2079 se
692 2045 861 2080 excitabat
875 2068 885 2085 ,
903 2045 924 2080 si
941 2057 1013 2093 quo
1026 2045 1102 2082 casu
1119 2046 1162 2080 ad
1180 2044 1342 2093 pauculas
1356 2046 1461 2080 horas
1475 2046 1630 2094 quietem
1645 2055 1784 2094 expete-

0 2091 3 2115 Ρ
60 2100 130 2130 ret,
145 2091 204 2138 qui
222 2091 375 2139 publicas
388 2092 540 2127 habenas
556 2103 657 2128 novae
667 2093 838 2141 Hispaniae
855 2094 996 2142 suscepit
1009 2103 1020 2138 3
1039 2094 1169 2128 author
1184 2093 1232 2128 est
1243 2094 1398 2140 Joannes
1416 2095 1575 2130 Botcrus.
1626 2096 1714 2131 Non
1738 2094 1786 2130 est
1795 2081 1947 2143 J⁰·Bf’m·

61 2139 241 2174 confilium
255 2139 433 2180 callidum,
448 2142 545 2187 quod
561 2141 649 2177 calet
662 2142 681 2176 a
696 2140 922 2182 leuisternio,
937 2153 1004 2177 nec
1019 2142 1251 2177 illuminatum
1265 2165 1275 2182 ,
1293 2144 1391 2189 quod
1407 2142 1478 2178 alto
1493 2142 1576 2178 Sole
1591 2142 1783 2182 illustratur.
1794 2131 1950 2172 ‘·¹·d‘5²⁵⁰’‘·

60 2186 193 2223 Eleffio
208 2188 340 2236 indiget
353 2189 522 2234 matutina
531 2189 759 2224 meditatione
768 2189 803 2225 &
822 2190 1023 2237 exporrecta
1038 2189 1201 2225 industria
1217 2204 1226 2225 ε
1241 2190 1300 2226 ubi
1314 2189 1526 2239 negligentia
1542 2190 1590 2226 est
1603 2191 1697 2227 nulla
1708 2214 1719 2232 ,
1735 2192 1783 2227 ibi
1797 2192 1921 2239 '’fem‘’r·

61 2236 154 2271 fortu
160 2247 209 2270 nae
226 2247 297 2270 non
308 2236 354 2270 est
368 2236 501 2285 pigritia
515 2251 524 2272 ε
549 2247 585 2272 at
604 2236 695 2271 ubire
701 2237 832 2281 sbcordiae
846 2239 882 2274 ὠ
897 2243 1015 2286 {gnaviae
1026 2238 1185 2272 tradideris
1198 2261 1208 2276 ,
1228 2251 1418 2285 nequaquam
1431 2242 1507 2273 Deos
1524 2241 1656 2287 2‘mplores
1669 2255 1682 2277 :
1707 2241 1886 2274 tiratiwmr·
1909 2229 1948 2265 ¹1·

59 2290 141 2318 em‘m
155 2307 165 2323 a
190 2283 405 2331 infcnfifflfimt.
455 2284 638 2320 Sallustius.
688 2286 785 2320 Nota
807 2285 854 2321 est
868 2285 1045 2321 Pei-[hrum
1065 2284 1266 2333 vigilantia;
1285 2287 1419 2322 summo
1441 2287 1536 2323 enim
1555 2300 1660 2324 mane
1681 2277 1874 2324 auresluffo.

61 2333 165 2381 Regis
183 2332 361 2367 vellicabat
370 2332 561 2379 vigiliarum
573 2333 812 2369 internuncius
831 2348 840 2369 z
863 2335 1002 2382 Confiarge
1014 2337 1094 2373 Rex,
1111 2334 1148 2369 ὠ
1162 2331 1331 2381 obinegotia
1342 2355 1353 2372 ,
1369 2345 1429 2379 qm
1440 2345 1466 2367 te
1487 2335 1566 2370 obire
1580 2338 1783 2382 voluanb-

8 2388 11 2420 «ζ
61 2381 215 2415 romasdes.
269 2381 307 2415 ld
324 2373 432 2415 laudis
447 2381 605 2430 Agelilao
620 2382 775 2417 adieribit
788 2383 998 2429 Xenophon
1011 2405 1022 2421 ,
1043 2382 1168 2417 somno
1190 2381 1288 2416 illum
1310 2393 1386 2416 non
1409 2391 1448 2417 ut
1462 2382 1621 2420 Domino
1637 2407 1648 2426 ,
1670 2384 1728 2420 sed
1742 2394 1782 2421 ut

61 2430 237 2478 mancipio
255 2429 351 2464 usum
366 2428 472 2465 fuisse.
522 2430 624 2465 Sidus
642 2429 779 2477 Reipul.
800 2430 965 2466 Politicus
988 2430 1057 2471 cst,
1077 2440 1159 2466 ante
1176 2429 1294 2466 lucem
1312 2429 1452 2476 luceat3
1472 2429 1702 2479 Phosphorus
1722 2432 1780 2473 fit,

61 2477 179 2513 Solem
197 2478 334 2515 excitet.
407 2482 481 2513 Non
501 2478 645 2519 Atrt’dcm
658 2482 912 2526 Agamemnonem
926 2502 936 2519 ,
950 2478 1090 2527 pastorem
1108 2480 1297 2526 populorum,
1305 2480 1427 2523 ffimnus
1439 2476 1553 2513 tenebat
1566 2479 1673 2520 dulcts,
1685 2482 1782 2514 multa
1791 2481 1886 2517 Hom.
1894 2480 1947 2518 &a

60 2531 161 2560 animo
176 2528 351 2563 volventem.
389 2527 580 2565 Homerus,
632 2526 680 2562 Ex
695 2537 822 2573 naturae
845 2528 1050 2563 rudimentis
1065 2527 1279 2564 antelucanae
1294 2526 1517 2563 solicitudinis
1529 2526 1682 2564 frustum
1703 2540 1782 2576 per·
1793 2529 1843 2564 ad.
1852 2543 1884 2570 2.

63 2574 150 2622 cipe.
202 2574 277 2610 Leo
293 2575 452 2623 princeps
466 2576 613 2610 serarum
623 2598 633 2616 ,
649 2576 752 2613 etiam
766 2577 849 2612 dum
860 2578 979 2616 cubat,
993 2578 1160 2616 excubat,
1173 2576 1298 2624 apertis
1313 2575 1443 2624 sopitus
1451 2575 1580 2617 oculis,
1595 2576 1682 2612 dum
1698 2578 1780 2613 dor-

60 2624 126 2658 mit
139 2623 220 2671 vigil
235 2636 246 2668 3
271 2623 466 2669 Delphinus
488 2625 636 2672 aequoris
653 2625 742 2665 Rex,
759 2637 824 2661 nec
839 2626 874 2660 in
891 2625 1048 2673 requiete
1063 2624 1156 2666 fistit,
1171 2626 1376 2673 importuno
1389 2624 1535 2673 agitatus
1548 2635 1651 2661 motu
1665 2638 1677 2671 3
1695 2625 1781 2662 ima-

0 2664 14 2716 ’ἶ
63 2671 144 2719 gine
159 2683 303 2718 quoque
317 2673 528 2707 attendentis
546 2672 705 2708 somnum
724 2674 994 2722 expergiscendo
1007 2672 1108 2714 libat,
1120 2685 1300 2720 nunquam
1309 2672 1489 2721 cognoscit
1498 2673 1670 2719 dormire;
1683 2675 1782 2722 aqui-

11 2718 14 2762 ξ
60 2719 92 2755 la
105 2742 115 2759 ,
137 2731 212 2766 quae
234 2720 434 2756 dominatur
455 2721 572 2756 aetheri
586 2744 597 2761 ,
612 2721 778 2769 pertinaci
793 2723 885 2758 valet
900 2723 1044 2763 obtutu,
1060 2722 1097 2758 ὅ(
1113 2733 1223 2772 genus
1239 2720 1560 2757 suumobservantia
1580 2722 1782 2770 pericitatut

11 2763 14 2812 ἶ
62 2767 214 2805 luminis,
265 2769 374 2803 Etiam
389 2780 643 2805 venenatorum
658 2771 835 2819 princeps,
853 2771 903 2805 Re
915 2770 963 2805 rio
978 2780 1161 2819 propterea
1179 2770 1325 2805 nomine
1341 2769 1508 2810 decorus,
1523 2770 1594 2806 visu
1609 2770 1784 2819 ponem&

0 2829 2 2843 ¹
62 2817 155 2852 virus
170 2827 230 2863 per
239 2816 362 2853 oculos
376 2817 506 2866 spargit.
557 2818 630 2854 Rex
639 2819 893 2854 elementorum
918 2819 994 2868 gnis
1003 2819 1200 2867 perspicuus
1216 2818 1251 2854 ὅ(
1265 2814 1490 2856 lucidiffimus
1505 2817 1572 2860 est,
1584 2819 1780 2867 ipfiuslucis

0 2866 17 2911 ἠ
63 2865 166 2900 focus
180 2863 216 2900 &
234 2865 288 2899 sax
302 2879 312 2900 ε
327 2865 385 2913 qui
401 2876 440 2901 ut
453 2868 622 2913 perpetuo
638 2867 755 2915 vigilet
769 2890 779 2908 ,
800 2868 976 2917 vigilantia
995 2867 1209 2904 versabilium
1231 2866 1391 2906 servatur.
1454 2867 1615 2903 Siderum
1636 2879 1783 2916 quoque

0 2912 18 2955 l}
63 2913 260 2948 Monarcha
274 2913 355 2953 Sol,
369 2914 492 2949 oculus
507 2915 778 2956 mundidicitur,
794 2916 917 2951 somno
931 2915 1093 2963 &quiete
1106 2925 1215 2956 caret,
1229 2927 1409 2962 nunquam
1424 2926 1498 2952 non
1512 2914 1610 2951 suum
1630 2926 1783 2964 regnum

0 2960 18 3003 ἦ
63 2961 190 2997 lustrat.
241 2961 407 2997 Politicus
421 2962 537 3010 itaque
550 2964 674 2998 mundi
690 2964 813 3000 oculus
832 2964 878 3000 est
889 2987 898 3005 ,
917 2976 1016 3000 mens
1032 2964 1229 3000 communit
1240 2986 1251 3004 ,
1265 2963 1384 2999 lumen
1394 2963 1605 3011 Reipublicae
1617 2986 1628 3004 ,
1644 2964 1781 3000 intelle-

0 3011 7 3043 ⁸.-
66 3009 140 3045 &us
148 3009 255 3045 civilis
265 3021 327 3045 cor
353 3010 562 3049 oris,custos
578 3012 758 3053 omnium,
772 3025 811 3048 ca
838 3023 875 3048 ut
916 3024 938 3047 o
965 3012 1032 3058 uli;
1068 3012 1163 3048 rivile
1190 3012 1289 3047 iarios
1328 3013 1427 3048 abeat
1440 3023 1508 3048 ocu
1524 3022 1582 3052 os,
1594 3014 1643 3048 Ar
1668 3023 1708 3048 us
1734 3022 1783 3054 it,

14 3006 18 3056 ἰ
328 3022 349 3057 Ρ
813 3026 834 3061 Ρ
891 3025 913 3061 Ρ
942 3025 963 3061 Ρ
1044 3025 1065 3061 Ρ
1165 3025 1187 3061 g
1300 3012 1324 3047 h
1511 3011 1521 3047 ¹
1644 3025 1667 3061 s
1725 3013 1746 3048 s

0 3055 18 3102 Ιῆ.
66 3057 233 3105 sciatque,
243 3070 316 3092 non
325 3057 419 3105 posse
428 3058 500 3094 fieri
510 3059 605 3095 simul
613 3082 623 3099 ,
632 3070 669 3095 ut
678 3062 751 3096 otio
761 3061 996 3111 indulgeatur,
1012 3061 1049 3097 ὅ(
1058 3060 1135 3096 sana
1148 3060 1286 3096 consilia
1296 3060 1484 3108 capiantur.
1524 3060 1573 3095 Ita
1582 3061 1692 3096 (omni
1701 3071 1784 3109 pot-

67 3105 117 3143 tio
133 3105 314 3156 conservet
321 3107 448 3155 publici
461 3108 547 3145 boni
569 3118 815 3156 promotorem
828 3132 840 3154 ²
861 3120 900 3147 ut
918 3120 994 3158 pars
1001 3108 1194 3160 vigiliarum
1211 3118 1420 3158 promoveat
1438 3109 1573 3147 bonum
1591 3108 1784 3196 ¹³2³>ssch

15 3164 19 3182 '²
1686 3168 1778 3196 aVU*
