2054 3496
103 586 199 625 Catul.

228 187 325 256 256
915 184 1279 261 Meteorologia

235 272 356 308 Nemo
372 266 464 303 enim
472 263 626 320 miserior
635 263 819 319 ignorante
836 264 867 301 se
882 265 1002 314 ipsum.
1054 268 1200 304 Ocuiari
1215 277 1356 318 captum
1370 266 1686 307 lumineinselieem
1704 266 1950 306 dixerissatin‘-

241 319 434 371 feliciorem
449 314 556 364 longe
571 313 684 368 ¹.¹¹⁰¹¹¹’
699 324 759 360 qui
773 323 892 350 mente
908 326 1045 356 coecus,
1055 316 1091 352 se
1103 327 1176 352 non
1190 317 1348 353 videndo
1363 340 1373 358 ‚
1390 315 1437 354 nil
1450 319 1556 356 videt,
1605 320 1741 368 Qaerit
1753 325 1876 354 coecus
1889 310 1952 349 du-

244 378 321 403 cem
330 388 340 406 ,
356 374 535 410 utiturque
549 361 657 397 aliena
670 361 768 416 luce,
778 362 864 398 dum
873 364 1009 411 propria
1019 363 1051 398 se
1058 377 1175 400 carere
1182 365 1303 405 noscit,
1312 365 1347 401 ὅ(
1358 377 1491 402 errores
1497 369 1676 413 vitat5hic,
1684 367 1765 416 quia
1773 365 1953 401 secoecum

242 426 318 451 non
331 423 443 452 retur⁷
458 413 584 447 ducem
601 410 742 467 spernit,
758 408 794 445 ὅ(
808 410 843 446 in
858 413 1150 459 foveamincidit„
1186 413 1285 449 Nihil
1303 413 1337 449 in
1351 414 1418 451 hac
1430 415 1499 451 vita
1514 416 1614 450 omni
1629 424 1673 451 ex
1684 423 1780 464 parte
1793 415 1953 452 beatum,

242 473 302 499 aut
316 459 507 515 persed‘jium.
521 458 579 499 est,
635 458 813 507 quqfim
824 465 936 506 patitur
950 472 1061 496 manes.
1117 460 1243 497 Varios
1256 471 1352 497 terrae
1362 463 1524 499 succosin
1531 463 1703 499 medelam
1716 460 1861 499 humani
1876 470 1953 495 cor-

241 512 336 561 poris
351 511 524 545 ordinavit
532 515 670 546 natura,
686 516 753 561 nec
768 508 949 555 quisquam
969 519 1009 544 ea
1021 508 1130 545 ferrea
1137 510 1261 546 fruitur
1274 509 1493 552 valetudine,
1506 523 1583 560 quae
1592 523 1667 548 non
1678 512 1893 560 quandoque
1901 507 1956 543 sua

240 560 387 609 patiatur
395 558 638 604 Synptomata,
652 555 863 602 medicoque
870 565 956 604 potu
965 557 1090 594 habeat
1098 569 1199 605 opus.
1248 560 1298 594 At
1312 557 1348 595 ὅ(
1357 561 1428 603 fisus
1439 582 1450 600 ,
1466 557 1637 596 verissime
1644 563 1692 596 ait
1706 555 1957 603 Catulusffue'q‘,

78 637 176 670 Seme·
183 631 233 669 lib.
245 604 402 643 attributus
410 605 445 651 est
459 617 541 639 error
555 626 566 644 ,
571 603 627 648 fid
635 617 692 636 non
706 603 841 637 videmus
854 605 889 638 id
898 608 1029 639 mantica
1040 628 1051 645 ,
1063 603 1144 652 quod
1153 608 1185 640 ln
1198 617 1275 655 tergo
1288 608 1342 642 ess.
1391 608 1434 643 Et
1449 609 1502 644 vel
1517 609 1600 644 ideo
1617 607 1803 644 difficulter
1820 607 1864 641 ad
1875 605 1956 639 sani-

78 696 101 719 1.
118 686 174 732 Ep.
184 695 233 722 50.

79 1005 199 1040 Owen.

111 1586 171 1619 δίε.
187 1594 216 1624 3.

111 1631 184 1678 offic.

246 665 354 694 tatem
368 653 632 703 perveniemus,
645 651 725 699 quia
739 662 805 686 nos
813 661 979 702 aegrotare
994 654 1177 690 nescimus.
1228 655 1368 691 fatuam
1383 657 1486 697 novi,
1501 657 1614 705 inquit
1622 658 1771 696 Seneca,
1784 666 1860 702 quae
1874 661 1956 688 cum

248 716 347 742 coeca
364 706 471 742 roret,
484 701 655 755 nesciebat
668 710 786 754 tamen
802 700 834 735 se
849 699 914 736 effe
930 710 1078 741 coecam.
1128 703 1284 739 Subinde
1291 705 1531 754 poedagogum
1545 705 1645 741 {uum
1656 706 1801 754 rogabat
1813 726 1824 742 2
1840 697 1879 737 ut
1895 700 1955 736 mi-

244 764 321 838 gret
334 764 376 789 ex
389 753 518 790 domo,
532 750 643 804 ajebat
658 756 768 789 erum,
784 749 932 785 domum
947 749 1037 786 inam
1053 750 1156 787 nimis
1170 752 1385 791 tenebrosam
1399 753 1476 789 esse.
1527 751 1651 790 Irrides
1663 754 1754 790 hanc
1769 751 1961 788 irridendus

246 812 257 839 1
271 800 301 838 la
308 800 454 850 amplius
461 821 473 839 ‚
485 810 545 846 qui
553 809 627 833 non
641 806 770 852 nat'urae
778 798 864 833 vitio
871 820 881 839 ,
896 797 951 834 sed
961 800 1115 847 perversa
1123 811 1243 836 mente
1253 811 1334 836 cum
1343 811 1464 837 coecus
1473 801 1512 837 fis
1520 824 1531 842 ‚
1544 814 1609 850 pro
1617 813 1722 837 coeco
1729 801 1849 837 haberi
1859 797 1960 833 nolis.

246 853 305 889 Ad
313 850 460 886 aliorum
471 857 587 882 naevos
595 845 768 893 Lyncxum
784 855 818 882 te
834 846 899 883 effe
913 858 987 883 non
1003 859 1194 897 negavero,
1205 859 1240 886 at
1251 850 1336 885 dum
1351 850 1471 886 omnia
1487 851 1621 890 lustras,
1635 849 1657 885 fi
1673 861 1790 886 tamen
1805 859 1840 884 te
1852 846 1961 894 ipsum

247 912 321 936 non
339 899 453 952 vides,
465 895 554 950 talpa
568 904 700 949 manes.
751 894 818 931 Die
831 896 944 950 enim,
956 897 1189 945 amab0,quid
1196 897 1441 938 redevidesffi
1449 898 1594 946 teipsum
1602 899 1798 940 nonvides‚
1805 898 1962 944 dumque

248 947 367 985 omnia
376 946 455 985 scis,
470 944 554 992 quid
567 953 602 979 te
621 951 744 992 ignoto
753 942 914 992 proficisi
928 944 1047 981 hercle
1062 945 1159 985 nihil.
1208 945 1303 982 Cum
1313 956 1392 983 vate
1399 948 1538 984 canito:

454 999 579 1060 ins
592 997 717 1042 oculos
728 999 883 1044 videam
898 1000 973 1059 ipse
992 1015 1093 1044 meos
1106 1032 1120 1055 ,
1137 1001 1235 1046 oculi
1248 1000 1343 1045 mihi
1356 1003 1500 1062 definit,

514 1055 792 1117 Qd'men'tem
804 1058 979 1111 videam,
994 1071 1103 1101 mens
1112 1074 1198 1104 mea
1219 1071 1346 1104 mente
1359 1072 1481 1106 caret.

452 1116 494 1161 Si
506 1127 616 1159 mens
627 1148 638 1168 ,
651 1129 730 1181 ufta
750 1117 826 1158 mei
832 1127 935 1173 pars
949 1117 1113 1174 optima,
1128 1119 1246 1178 mfcio
1261 1116 1431 1177 quidfit,

518 1173 627 1216 Unde
642 1173 714 1216 ttbi
727 1173 871 1231 poffitm
882 1174 1012 1218 dicere
1018 1204 1029 1227 ,
1031 1173 1109 1231 fim
1123 1175 1221 1230 quid
1231 1177 1323 1234 ego?

245 1250 315 1292 Pro
330 1251 444 1301 primo
460 1245 607 1285 scientia.¹
621 1245 782 1295 objedsto,
795 1254 835 1282 ut
843 1244 971 1295 sapiens
981 1246 1036 1287 sis,
1052 1247 1228 1295 teipsum,
1242 1259 1313 1296 quo
1330 1247 1413 1283 nihii
1423 1245 1533 1295 majus
1548 1248 1674 1286 habes,
1689 1245 1813 1287 statue,
1828 1245 1863 1282 ὃ(
1873 1245 1968 1292 Lyn-

250 1313 333 1339 ceus
342 1299 519 1336 afflonum
537 1307 674 1332 tuarum
683 1295 806 1331 censor
823 1294 906 1331 est0.
956 1296 1105 1331 Notabis
1114 1307 1222 1343 ocyus
1232 1321 1242 1337 ,
1259 1308 1364 1344 quam
1374 1297 1410 1332 {it
1423 1297 1484 1332 tibi
1501 1307 1598 1331 curta
1618 1295 1766 1343 supellex
1781 1309 1794 1341 3
1815 1307 1919 1344 quam
1933 1305 1966 1328 a·

247 1362 329 1388 mor
342 1347 495 1387 suivitia,
511 1356 587 1394 quae
602 1355 710 1385 amat,
726 1344 917 1388 desendet3
938 1343 975 1380 ὅ(
992 1344 1088 1380 malit
1104 1345 1264 1381 excusare
1279 1344 1351 1380 illa,
1365 1357 1468 1392 quam
1483 1354 1659 1380 excutere.
1710 1342 1970 1381 Irascimurinis,

249 1399 378 1448 quibus
394 1396 451 1444 ipfi
469 1405 602 1447 nornen
617 1393 772 1428 nostrum
789 1391 1003 1428 maculamus
1017 1415 1028 1434 ,
1048 1404 1244 1441 omnesque
1256 1394 1450 1441 praeposteri
1466 1403 1584 1429 motus
1601 1392 1704 1428 nostri
1719 1403 1898 1440 nunquam
1912 1392 1971 1426 be-

250 1459 298 1484 ne
311 1447 462 1482 alienum
474 1442 637 1479 sustinent
646 1440 857 1489 exemplum.
910 1441 1110 1477 Divortium
1126 1442 1415 1478 animorumfacit
1428 1441 1611 1478 consensus
1620 1442 1802 1481 vitiorum,
1817 1440 1921 1475 unius
1937 1450 1971 1474 a·

251 1496 370 1533 varitia
379 1492 516 1529 alterius
525 1491 700 1526 avaritiam
712 1490 789 1526 odit
796 1512 806 1529 ,
814 1489 966 1537 superbia
975 1489 1165 1539 superbiam
1173 1489 1343 1536 offendit;
1358 1490 1393 1526 ὅ(
1401 1490 1517 1526 alieno
1526 1489 1660 1526 excessu
1681 1490 1712 1525 (e
1727 1490 1793 1537 ipsa
1806 1490 1975 1524 damnant

252 1545 346 1582 vitia.
399 1541 515 1589 Qid,
533 1538 673 1588 quod&
690 1535 754 1574 illis
767 1538 961 1579 faveamus,
976 1537 1011 1574 ὅ(
1026 1539 1195 1575 virtutum
1210 1550 1359 1579 nomen,
1375 1550 1451 1587 quae
1466 1539 1631 1587 proximat
1646 1538 1708 1573 iliis
1723 1539 1816 1577 (unt,
1833 1540 1973 1584 adapte-

254 1603 351 1632 mus,
364 1600 402 1627 nt
411 1601 485 1625 non
500 1598 619 1624 tamen
634 1609 645 1628 ,
663 1599 738 1635 quae
751 1586 843 1622 reda
859 1585 953 1627 sunt,
965 1588 1175 1634 probentur,
1214 1599 1293 1622 uam
1306 1599 1381 1635 quae
1389 1599 1491 1636 prava
1505 1585 1747 1625 dilaudentur}⁴
1760 1585 1890 1623 Astutia
1901 1588 1975 1619 haec

254 1642 319 1682 est,
334 1651 409 1688 quae
425 1635 646 1687 prudentiam
656 1635 689 1671 se
701 1635 767 1671 effe
774 1635 898 1675 ambit,
914 1645 949 1670 at
963 1636 1004 1670 ab
1020 1647 1058 1670 ea
1067 1635 1164 1671 distat
1178 1648 1200 1683 p
1215 1636 1388 1682 urimum3
1402 1648 1469 1671 nec
1483 1636 1578 1671 enim
1588 1637 1646 1668 ulla
1657 1640 1797 1682 pernicies
1810 1638 1974 1683 vimmsy‘or

252 1692 385 1726 inveniri
391 1684 491 1736 potest,
502 1696 595 1732 quam
608 1696 678 1719 cum
691 1696 723 1718 m
736 1686 852 1718 malitia
868 1682 936 1728 inest
939 1685 1109 1729 fimulano,
1128 1684 1239 1732 inquit
1255 1684 1332 1719 Cic.
1384 1685 1561 1720 Maximus
1577 1685 1699 1719 abuius
1712 1683 1748 1718 in
1761 1684 1831 1718 hoc
1842 1682 1975 1717 mundo

253 1739 321 1776 est.
336 1737 434 1785 quod
448 1734 531 1771 vitia
538 1733 631 1770 veste
638 1732 806 1769 virtutum
822 1732 1038 1767 amiciantur.
1091 1733 1197 1768 Unde
1213 1743 1337 1768 monet
1352 1733 1475 1768 eadem
1489 1732 1650 1767 Tulliana
1664 1731 1863 1779 eloquentia
1881 1744 1890 1765 :
1907 1732 1975 1764 Cer.

255 1785 352 1822 mnda
357 1788 428 1831 sscnt
442 1784 608 1832 dilgenter,
620 1795 657 1816 nc
671 1793 707 1815 ea
718 1782 884 1825 noffallant
891 1784 983 1821 vitia,
1001 1793 1062 1827 qua
1074 1786 1218 1817 virtutem
1231 1781 1372 1815 vt’dmtur
1385 1785 1513 1819 imttars‘.
1564 1784 1656 1814 Nam
1670 1782 1707 1817 ὠ
1713 1780 1974 1827 prudentt’amma-

89 1850 151 1883 (γε.
163 1858 191 1887 3,
205 1843 243 1880 dg
252 1837 334 1876 litia,
350 1834 388 1872 (θ’
401 1831 635 1880 magmmdt'nem
646 1829 884 1876 am'mifitperbia
899 1834 932 1863 in
946 1833 1055 1863 animis
1068 1829 1232 1863 extollendis
1243 1852 1256 1870 ,
1270 1828 1522 1867 &liberalitatem
1534 1829 1649 1875 effiefio,
1661 1827 1915 1873 &fortitudinem
1923 1840 1977 1859 au·

113 1894 202 1941 office,
249 1885 340 1919 dacia
352 1887 490 1916 imitatur
503 1901 515 1920 2
529 1880 567 1916 (5¹
579 1879 743 1928 religtonem
749 1876 910 1926 stcpevstittb
924 1899 935 1919 ,
940 1876 1076 1926 studt‘t'sq',
1090 1876 1171 1912 bonis
1182 1879 1297 1923 stmilia
1315 1878 1457 1913 videntur
1468 1900 1481 1921 ,
1491 1889 1552 1926 qna
1559 1882 1638 1925 Junt
1653 1882 1686 1911 in
1705 1890 1736 1912 eo
1749 1889 1856 1926 genere
1872 1879 1978 1926 nimae.

88 1944 250 1979 wara.
261 1934 384 1982 Quare
769 1975 775 1981 ,
807 1975 814 1981 ,

467 1979 643 2033 Lynceus
659 1972 730 2031 esto
744 1974 830 2027 nin,
845 1983 914 2017 tua
929 1973 1032 2033 censs
1049 1974 1126 2033 teq'3
1135 1975 1278 2033 sbvero

88 2042 245 2128 {3:21}
600 2035 706 2078 Ante
716 2032 814 2075 alios
830 2046 959 2074 omnes
967 2033 1142 2092 perspice
1143 2032 1302 2089 judicio.

93 2385 228 2424 M'mus.

101 2672 256 2712 Claud.l.3.

97 2724 135 2758 de
147 2731 234 2768 raptu

100 2772 230 2816 ProfirP.

100 2818 220 2867 Juven.
228 2840 231 2842 >

258 2108 449 2145 Neminem
460 2104 749 2154 citojudicaveris
766 2126 776 2143 ,
801 2102 980 2139 nerninem
994 2104 1095 2139 facile
1108 2103 1329 2140 accusaveris.
1378 2105 1494 2151 Qtns
1505 2106 1586 2137 em'm
1600 2106 1722 2149 quisque
1733 2102 1883 2146 accusator
1890 2110 1980 2134 vacat

257 2158 341 2205 culpa
365 2158 378 2192 ?
404 2157 528 2192 Senec.
579 2153 763 2201 Quidquid
781 2153 816 2186 in
830 2151 896 2186 alio
911 2153 1196 2201 reprehenditur,
1213 2152 1247 2187 id
1262 2151 1509 2198 unusquisquis
1524 2150 1596 2186 fors
1611 2152 1646 2188 in
1662 2152 1721 2185 luo
1736 2149 1982 2186 finuinveniet,

257 2203 618 2254 SapienterPiiniusin
627 2201 841 2251 Panegyrico
855 2199 944 2241 vult,
961 2200 1218 2250 utmagistratus
1232 2212 1306 2236 non
1321 2199 1437 2234 minus
1453 2198 1485 2234 se
1499 2199 1684 2234 hominem
1701 2198 1785 2239 effe,
1799 2210 1904 2245 quam
1919 2198 1982 2231 he·

257 2255 411 2290 minibus
427 2250 564 2300 praeeise
581 2251 724 2299 cogitet.
779 2249 869 2284 Tam
887 2249 948 2296 qui
962 2250 1127 2298 imperat,
1143 2260 1247 2297 quam
1265 2248 1323 2296 qui
1338 2247 1522 2294 imperium
1539 2249 1652 2295 capit,
1665 2258 1823 2282 errorum
1840 2243 1984 2282 obnoxii

259 2304 348 2390 sgnt.
363 2351 371 2358 ·
397 2301 495 2338 Alter
506 2299 643 2336 alterius
660 2306 778 2348 portet
786 2309 912 2339 onera,
927 2296 1062 2335 neceffe
1078 2296 1136 2334 est.
1187 2297 1324 2333 Miraris
1339 2295 1375 2331 ὅ(
1391 2297 1616 2344 reprehendis
1630 2295 1736 2333 vicini
1748 2290 1984 2344 lapsum5audi

301 2361 477 2388 onucum:

472 2395 605 2440 Cuivis
612 2393 736 2453 potest
751 2393 946 2445 accidere,
964 2394 1069 2451 quod
1078 2393 1256 2452 cuiquam
1262 2392 1397 2451 potest.

265 2457 369 2496 Stetit
382 2456 455 2496 ille,
470 2464 509 2491 ut
517 2456 627 2490 modo
644 2462 681 2489 tu
693 2452 775 2493 stas,
791 2463 897 2500 quem
912 2450 967 2488 ille
979 2451 1090 2499 paffus
1101 2451 1228 2499 lapsum
1241 2473 1252 2492 2
1265 2451 1324 2487 hic
1338 2460 1374 2486 te
1388 2448 1569 2498 exspeuat.
1619 2449 1717 2485 Dum
1725 2448 1886 2486 Minerva
1899 2447 1987 2484 inter

264 2504 505 2544 canendumin
520 2503 630 2539 undas
639 2500 764 2537 oculos
772 2498 933 2546 conjicit,
949 2499 1000 2540 se,
1015 2499 1154 2548 qualem
1171 2512 1244 2535 non
1255 2500 1436 2539 credebat,
1451 2496 1576 2533 inflatis
1587 2497 1703 2534 buccis
1718 2498 1878 2534 deforme
1885 2508 1985 2532 mon-

262 2556 369 2592 strum
384 2553 519 2602 speetat.
571 2549 746 2587 Detestata
759 2548 842 2584 hinc
857 2558 967 2595 ocyus
980 2549 1186 2584 arundinem
1202 2547 1431 2584 deformitatis
1457 2545 1737 2582 instrumentum.
1792 2546 1923 2580 Tantum
1930 2546 1986 2590 sese

264 2603 424 2653 cognoscere
434 2597 554 2649 prodest.
604 2597 738 2634 Omnia
751 2596 834 2633 vitia
850 2596 886 2631 in
901 2606 1022 2644 aperto
1036 2597 1164 2633 leviora
1178 2596 1254 2633 sunt
1268 2609 1281 2642 3
1293 2595 1329 2632 ὃ(
1346 2594 1461 2631 morbi
1474 2604 1549 2630 tum
1563 2595 1606 2629 ad
1622 2594 1797 2630 sanitatem
1812 2593 1987 2632 inclinant,

268 2663 350 2690 cum
367 2649 536 2687 exabdito
554 2655 760 2694 erumpunt,
771 2645 915 2692 vimque
929 2644 1023 2700 suam
1039 2646 1205 2694 produnt.
1254 2645 1382 2680 sordes
1397 2667 1408 2685 ,
1422 2643 1502 2691 quia
1519 2643 1617 2679 vides
1633 2643 1670 2677 in
1691 2641 1829 2691 speculo
1844 2664 1856 2682 ,
1875 2640 1990 2678 vultui

269 2700 402 2737 adimis.
432 2695 672 2794 JEtiam¹tigris
687 2693 894 2741 abincoepto
908 2692 1034 2730 furoris
1049 2692 1148 2730 cursu
1159 2698 1277 2741 propria
1283 2691 1423 2727 tardatur
1429 2695 1557 2741 amags‘ne
1559 2692 1679 2739 forma,
1729 2688 1987 2738 Concludoigi-

270 2759 327 2786 tur
342 2759 424 2785 cum
453 2757 565 2783 uvena
580 2756 602 2779 1.

480 2800 632 2845 Credite
641 2831 652 2851 ,
666 2798 714 2842 de
729 2799 813 2845 coelo
828 2798 1034 2862 defieozdit,
1048 2794 1153 2854 nosbe
1167 2807 1204 2840 te
1224 2795 1367 2859 ipfhm3

572 2858 677 2902 Hinc
691 2857 785 2903 ben?
799 2858 948 2927 ρι’-[ψ
962 2858 1133 2908 noverit,
1153 2855 1213 2898 ille
1214 2855 1334 2914 sapit,

1822 3115 1990 3182 QJAE-
2050 3106 2051 3109 ‘
