2054 3496
250 168 341 224 134
642 206 646 209 .
900 144 909 153 ’
950 155 1318 230 MeteorologIa

251 237 366 274 guttas
380 233 590 272 maximas&
600 232 901 284 frequentiffimas.
952 238 1076 274 Oritur
1084 251 1127 275 ex
1134 250 1178 275 eo
1187 262 1197 280 ,
1207 241 1304 287 quod
1315 249 1385 275 con
1412 247 1551 289 regetur
1560 239 1596 276 in
1606 251 1718 276 unum
1727 240 1848 277 locum
1856 249 1984 290 magna

251 288 421 333 vaporum
438 285 556 332 copia,
574 285 632 333 qui
643 284 744 321 valde
754 285 1033 327 condensentur,
1049 287 1085 324 ὅ(
1103 289 1201 336 paene
1209 288 1306 323 simul
1315 251 1529 324 resosvantur
1543 289 1578 324 in
1587 299 1728 336 aquam3
1746 301 1788 325 ex
1797 291 1868 325 hoc
1885 290 1981 324 enim

251 332 418 381 sequitur,
433 342 473 368 ut
488 333 614 368 cadant
622 332 730 369 veluti
740 332 884 369 flumina
894 346 1073 382 aquarum.
1123 336 1344 372 stillicidium
1355 335 1402 371 est
1411 336 1538 383 hyeme
1551 337 1786 384 frequentiu53
1801 339 1982 373 Imberau·

252 392 379 418 tumno
395 379 542 428 &vere3
556 381 805 417 Nimbiautem
823 382 859 417 in
867 382 1000 423 aestate,
1017 384 1094 431 quia
1103 393 1189 420 tunc
1202 384 1334 420 facilius
1350 384 1464 431 plures
1474 395 1579 433 guttoe
1590 387 1626 420 in
1643 397 1749 420 unam
1764 383 1982 426 coeunt,vel
2032 414 2036 426 -.

252 431 333 478 quia
342 434 398 464 a'er
412 428 539 464 infimae
549 430 702 478 regionis
710 431 851 465 tenuior
865 441 951 467 tunc
968 431 1033 472 est,
1050 432 1086 468 ὅ(
1097 432 1242 468 calidior
1252 446 1265 479 3
1277 433 1331 469 vel
1350 433 1428 479 quia
1438 442 1524 468 tunc
1537 435 1650 470 nubes
1663 434 1771 483 magis
1786 432 1981 483 friges-itpet

253 477 509 526 antiperissasim
517 501 527 520 ,
545 477 582 514 ὅ(
590 480 625 513 in
636 476 786 526 majores
795 478 934 514 solvitur
943 489 1068 529 guttas.
2032 474 2034 481 ’

349 575 496 622 Qaeres
507 583 626 611 tamen
643 575 679 611 in
697 586 845 624 genere,
855 587 917 611 cur
925 575 1084 625 guttatim
1101 575 1217 620 pluvia
1226 577 1381 618 decidat,
1393 588 1466 612 non
1474 577 1686 613 continuum
1703 587 1820 613 autem
1829 578 1935 614 ducat
1943 577 1986 615 ri·

253 624 361 662 vum}
378 623 607 671 Respondeo,
621 626 757 660 causam
774 623 857 665 esse,
873 626 953 673 quia
966 647 977 664 ,
994 626 1076 660 cum
1094 624 1152 660 fiat
1161 625 1274 672 pluvia
1297 637 1338 660 ex
1350 626 1536 674 vaporibus
1554 627 1857 662 concrescentibus
1870 649 1881 666 ,
1895 625 1932 662 &
1947 626 1992 662 fic

253 673 290 709 in
303 684 427 720 aquam
443 672 650 708 abeuntibus
668 694 679 712 ,
698 682 773 708 tota
787 673 884 708 flmul
899 674 1009 709 nubes
1027 674 1251 709 concrescere
1260 675 1382 721 nequit
1397 697 1407 714 ,
1425 674 1480 709 sed
1495 686 1558 722 per
1594 683 1682 710 artes
1696 687 1708 719 3
1724 686 1796 710 non
1806 675 1900 709 enim
1915 684 1991 710 tota

252 721 430 770 aequaliter
444 722 553 756 nubes
567 721 716 756 ambitur
731 722 749 756 a
767 721 893 770 frigido
913 728 992 757 a'ere
1009 745 1019 761 ,
1036 734 1102 758 nec
1118 732 1192 757 tota
1208 722 1384 770 aequaliter
1400 722 1509 758 calida
1524 725 1556 758 sa
1577 723 1613 758 ta
1629 723 1676 758 est
1690 724 1708 757 a
1722 723 1803 758 Sole
1815 745 1826 763 ,
1843 734 1919 770 quae
1933 734 1993 758 au·
2030 728 2032 737 ’“

253 780 327 806 tem
345 779 457 818 partes
474 769 656 805 calidiores
673 769 749 805 sunt
769 792 780 810 ,
795 771 926 806 tardius
940 771 1186 819 refrigerantur
1198 793 1208 812 ,
1228 783 1333 819 quam
1349 771 1432 807 aliae.
1482 771 1538 807 Sic
1553 782 1638 820 ergo
1653 781 1828 807 concretae
1843 781 1956 820 partes
1972 771 1992 808 a

256 830 333 855 non
352 818 528 854 concretis
544 818 665 855 avulsa:
681 819 861 854 decidunt.
2028 826 2029 831 ¹

354 913 546 951 Conclusio
562 914 673 952 tertia.
727 913 847 950 Pluvia
863 926 906 951 ex
923 914 1053 951 diversa
1069 927 1238 964 vaporum
1254 915 1443 957 mixtione,
1451 914 1507 952 vel
1515 914 1561 951 est
1569 914 1678 952 dulcis
1689 914 1993 957 ,velamara,ali0-

257 974 327 1013 que
336 962 454 1012 sapore
463 964 613 1011 praedita.
666 963 785 999 Dulcis
802 963 915 1012 pluvia
929 964 1148 1012 est,quando
1158 964 1322 1012 vaporest
1331 971 1452 1000 aereus
1461 964 1609 1000 humido
1628 965 1807 1001 immixtus
1822 988 1832 1005 ,
1847 964 1883 1001 ὅ(
1902 962 1990 1012 ejus·
2027 978 2028 981 ¹
2051 1002 2054 1008 ,

255 1013 355 1050 modi
371 1011 487 1059 pluvia
503 1012 676 1047 faecundat
696 1022 792 1047 terrae
815 1012 996 1048 nascentia.
1047 1016 1173 1048 Amara
1185 1013 1300 1060 pluvia
1315 1013 1363 1048 est
1376 1013 1535 1053 aterreo,
1552 1013 1642 1048 sicco
1659 1012 1696 1048 &
1710 1013 1830 1049 adusto
1847 1013 1918 1048 salis
1934 1012 1992 1049 sibi
2026 1008 2028 1027 ³

256 1062 425 1097 admixto.
478 1061 519 1096 Et
535 1059 833 1108 ejusmodipluvi‘a
851 1061 1057 1108 plerumque
1067 1069 1193 1101 nocet,
1207 1061 1286 1108 quia
1302 1060 1580 1097 exsiccat&facit
1589 1061 1809 1103 sterilescere,
1824 1061 1992 1098 sicutace-
2025 1058 2028 1064 ’

257 1119 333 1146 tum
352 1108 387 1145 ὃς
403 1108 514 1144 urina.
581 1109 665 1145 Huc
686 1121 830 1157 quoque
843 1111 1023 1144 reserenda
1037 1110 1150 1157 pluvia
1166 1109 1258 1150 salsa,
1274 1121 1349 1157 quae
1365 1109 1403 1145 fit
1422 1119 1564 1158 propter
1589 1109 1847 1146 exhalationem
1870 1110 1992 1157 vapori
2024 1130 2026 1135 ν

254 1159 464 1195 immixtam.
515 1157 554 1192 In
564 1158 705 1192 Summa
721 1172 729 1192 :
753 1158 860 1193 Sicuti
876 1170 971 1206 aquae
988 1159 1141 1193 fontium
1156 1160 1175 1192 a
1188 1158 1287 1194 variis
1306 1168 1473 1194 terrarum
1484 1181 1494 1199 ,
1510 1170 1571 1206 per
1585 1170 1669 1206 quas
1683 1157 1991 1206 transeunt,quali·

257 1208 384 1242 tatibus
405 1206 514 1242 varias
531 1206 567 1242 ὅ(
584 1206 660 1254 ipsse
680 1206 869 1241 sortiuntur
885 1206 1064 1254 qualitates
1081 1206 1117 1243 ὅ(
1138 1206 1272 1256 sapores
1288 1219 1299 1252 3
1317 1207 1363 1242 ita
1381 1207 1485 1242 etiam
1499 1218 1596 1254 aquae
1614 1207 1780 1255 pluviales
1797 1218 1840 1243 ex
1854 1205 1991 1243 diversis

258 1256 445 1304 vaporibus
462 1255 615 1291 diversos
627 1254 817 1303 sequuntur
827 1254 974 1304 sapores.
2048 1255 2054 1278 ῖ

356 1352 519 1399 Qaeres,
535 1361 711 1400 curguttae
729 1351 924 1407 pluviarum
944 1351 1007 1386 sint
1016 1349 1200 1390 rotundae?
1219 1350 1447 1400 Respondeo,
1467 1351 1637 1400 triplicem
1652 1349 1755 1400 hujus
1770 1352 1820 1388 rei
1835 1349 1993 1402 affignari
2048 1351 2053 1393 J

257 1401 443 1438 tationem.
494 1399 608 1435 Prima
623 1400 690 1440 est,
707 1412 786 1448 quia
801 1410 932 1448 partem
944 1400 1095 1435 mediam
1105 1401 1265 1436 omnium
1276 1412 1466 1449 corporum
1482 1401 1656 1436 robustam
1674 1402 1741 1437 esle
1758 1403 1926 1438 convenit
1939 1402 1985 1437 ad
2020 1403 2022 1444 ᾗ
2050 1402 2054 1423 “”

257 1449 537 1503 incolumitatem
550 1470 561 1489 ‚
574 1449 618 1484 ad
636 1460 740 1509 quam
758 1461 832 1484 rem
849 1447 957 1497 figura
969 1453 1120 1484 rotunda
1138 1449 1185 1484 est
1199 1445 1376 1496 aptiffima.
1429 1450 1590 1485 Secunda
1602 1472 1613 1489 ,
1631 1449 1711 1497 quia
1725 1458 1799 1485 tota
1812 1461 1900 1498 aqua
1914 1459 1992 1485 tan-

258 1516 363 1552 quam
388 1512 504 1540 totum
514 1512 694 1547 ομογενες
711 1505 816 1539 etiam
832 1505 960 1539 retinet
975 1505 1248 1544 rotunditatem,
1264 1514 1448 1552 propterea
1463 1505 1624 1552 quaelibet
1635 1501 1709 1550 ejus
1717 1515 1793 1552 pars
1808 1504 1845 1539 in
1861 1504 1988 1538 orbern

257 1552 502 1601 conglobatur.
554 1553 672 1589 Tertia
684 1576 695 1594 ,
711 1553 875 1588 Albertus
884 1552 1034 1601 Magnus
1044 1553 1119 1588 vult
1129 1564 1184 1588 eas
1192 1553 1410 1589 volutatione
1419 1555 1586 1589 rotundas
1601 1552 1693 1593 fieri,
1710 1554 1818 1592 adde,
1835 1553 1934 1598 quod
1951 1549 1991 1586 fi·
2018 1566 2019 1572 ¹

256 1613 344 1651 gura
352 1602 503 1636 rotunda
518 1602 642 1637 melius
653 1601 721 1637 a'e'ri
738 1601 887 1637 refistant
901 1602 1078 1637 ambienti.
1130 1602 1242 1649 Qod
1258 1611 1374 1637 autem
1390 1611 1497 1651 guttae
1514 1601 1578 1637 sint
1586 1602 1763 1642 rotundae,
1780 1601 1930 1649 probant
1942 1599 1990 1636 la-

253 1651 374 1699 pides,
389 1650 448 1697 qui
465 1649 523 1686 sub
532 1650 707 1686 stillicidiis
717 1659 944 1690 excavantur,
964 1649 999 1685 ὅ(
1013 1660 1120 1700 guttae
1129 1651 1323 1699 pendentes
1336 1651 1372 1686 in
1380 1650 1472 1686 soliis
1485 1651 1662 1686 arborum.

359 1745 550 1784 Conclusio
558 1757 689 1796 quarta.
714 1747 818 1794 Signa
827 1746 1086 1783 imminendum
1100 1746 1294 1795 pluviarum
1304 1747 1379 1783 sunt
1392 1746 1489 1795 plura
1509 1760 1523 1782 a
1539 1747 1652 1795 primo
1667 1746 1803 1782 rubedo
1812 1745 1983 1782 matutina

260 1796 298 1832 in
306 1795 387 1831 Sole
401 1818 409 1834 ,
425 1796 554 1832 indicat
570 1797 664 1831 enirn
688 1795 870 1842 subjectam
887 1794 952 1831 esse
966 1795 1038 1831 Soli
1053 1798 1182 1832 nubem
1196 1796 1358 1843 aquosam
1373 1818 1384 1836 ,
1399 1807 1475 1844 quae
1489 1795 1590 1831 facile
1604 1795 1752 1831 solvatur
1774 1796 1808 1830 in
1822 1794 1986 1843 pluviam.
2038 1826 2042 1833 ,

260 1844 487 1879 Contrarium
499 1845 602 1879 habet
609 1845 822 1892 vespertinus
833 1844 976 1880 nubium
986 1845 1108 1884 rubor,
1124 1844 1204 1880 licet
1213 1845 1230 1880 a
1243 1845 1428 1893 vaporibus
1438 1844 1611 1884 causetur,
1627 1844 1707 1892 quia
1714 1855 1861 1890 vapores
1869 1843 1988 1891 vespe-
2014 1857 2016 1887 ς
2038 1857 2045 1881 ,’

258 1893 311 1927 rei
329 1893 551 1927 horizontem
567 1903 781 1941 occupantes
800 1892 916 1928 calore
932 1892 1019 1927 Solis
1028 1893 1185 1928 abeuntis
1194 1892 1344 1928 destituti
1354 1892 1529 1928 noerurno
1543 1893 1672 1941 frigore
1682 1892 1988 1927 densatirevocan·
2042 1898 2045 1910 ¹

261 1950 319 1976 tut
327 1941 370 1975 ad
384 1951 520 1978 terram.
536 1941 861 1995 Secundopallorin
870 1941 951 1976 Sole
964 1953 1003 1976 ac
1013 1941 1112 1977 Luna
1127 1964 1138 1982 ,
1152 1951 1277 1989 utpote
1291 1942 1350 1989 qui
1367 1952 1410 1977 ex
1425 1938 1603 1986 interjecta
1617 1940 1742 1988 aquosa
1757 1940 1851 1975 nube
1865 1939 1987 1976 oritur.
2007 1977 2010 1980 ,

260 1989 384 2025 Tertio
401 1989 422 2024 si
436 1989 496 2025 801
508 1990 544 2025 in
558 2000 637 2025 ortu
652 2001 763 2037 major
780 1989 878 2024 solito
895 1989 1123 2037 conspiciatur
1136 2013 1147 2029 ,
1161 1990 1235 2025 talis
1255 1991 1347 2025 enim
1371 1990 1575 2039 magnitudo
1594 1990 1703 2024 oritur
1719 2000 1761 2023 ex
1777 1988 1987 2024 humoribus
2041 2023 2044 2027 ,

262 2035 377 2074 craffis
388 2038 476 2073 inter
489 2049 555 2073 nos
565 2038 740 2075 &nubem
753 2038 968 2085 interpositis,
1020 2038 1158 2085 Quarto
1168 2061 1177 2078 ,
1187 2038 1207 2073 si
1216 2039 1273 2073 Sol
1284 2038 1458 2074 coeruleus
1467 2047 1625 2086 appareat
1640 2037 1674 2071 in
1691 2047 1769 2072 ortu
1785 2059 1796 2076 ,
1817 2036 1871 2072 vel
1880 2037 1915 2071 in
1924 2048 1985 2072 oc·
2047 2034 2049 2037 ’

262 2087 339 2122 casu
355 2088 401 2122 ob
416 2088 564 2122 eandem
579 2086 725 2125 causam,
782 2087 919 2135 Quinto
935 2098 1094 2122 rami-um
1111 2087 1270 2122 coaxatio
1284 2109 1295 2127 ,
1312 2086 1471 2122 animalia
1485 2098 1577 2121 enim
1592 2085 1737 2121 humida
1753 2085 1987 2122 exhilarantur

260 2135 491 2183 temporesibi
507 2135 735 2171 convenienti
753 2158 763 2174 ,
780 2135 834 2170 vel
849 2136 927 2182 quia
942 2135 1024 2170 cum
1039 2136 1192 2171 humidae
1208 2134 1473 2175 fint,humorex
1481 2146 1603 2169 eorum
1613 2134 1819 2180 corporibus
1835 2133 1984 2170 extrahi·
2040 2130 2054 2154 ³¹

262 2193 320 2219 tur
335 2206 345 2223 ,
361 2194 437 2231 quse
452 2195 621 2231 vaporum
646 2183 811 2219 extraffio
835 2182 965 2217 sensum
979 2206 988 2222 ,
1007 2182 1118 2219 sensus
1134 2183 1322 2219 clamorem
1337 2184 1425 2231 parit
1437 2205 1447 2223 ,
1464 2182 1612 2218 similiter
1628 2182 1705 2231 galli
1725 2192 1879 2222 canunt,
1895 2183 1980 2218 cum

263 2232 358 2268 enim
369 2232 430 2267 sint
439 2242 558 2267 natura
571 2231 689 2272 calidi,
699 2234 716 2267 a
725 2232 910 2280 vaporibus
919 2231 1182 2268 ascendentibus
1191 2231 1436 2269 refocillantur,
1452 2232 1549 2267 idem
1560 2231 1714 2268 indicant
1721 2230 1832 2267 sulicae
1844 2231 1984 2266 matuti-

263 2293 350 2317 num
368 2281 511 2315 edentes
521 2281 721 2329 clangorem
737 2303 747 2321 ,
764 2281 893 2329 mergi,
908 2290 1097 2329 anatesque
1111 2291 1243 2328 pennas
1257 2279 1365 2315 rostro
1379 2288 1566 2329 purgantes
1578 2302 1589 2320 ,
1603 2280 1711 2328 mergi
1720 2278 1834 2329 stagna
1849 2279 1986 2329 fugien-

263 2339 316 2365 tes
332 2351 342 2368 ,
367 2329 474 2377 mergi
501 2329 674 2375 fugientes
691 2329 725 2364 in
741 2329 1003 2364 mediterranea.
1053 2329 1227 2365 Volucres
1241 2327 1563 2376 quoqueterrestres
1578 2337 1698 2363 contra
1708 2340 1832 2375 aquarn
1841 2327 1984 2377 clango·
2040 2326 2054 2347 ³¹⁴

262 2389 338 2413 rem
355 2378 517 2416 edentes,
533 2377 569 2413 ὅ(
580 2379 611 2412 se
619 2378 884 2424 profundentes.
938 2378 1102 2413 Hirundo
1116 2377 1263 2415 volitans
1278 2378 1386 2425 prope
1399 2389 1540 2425 aquam,
1555 2376 1687 2411 anseres
1697 2377 1756 2411 diu
1770 2376 1985 2425 clangentes,
2006 2382 2008 2386 ’
2030 2374 2043 2427 j

261 2426 371 2462 boves
380 2425 511 2461 coelum
526 2425 745 2465 olfacientes,
755 2426 910 2461 f'ormicae
920 2427 1145 2466 absconditae,
1162 2425 1321 2461 lumbrici
1332 2435 1567 2474 emergentes:
1582 2425 1689 2459 Sexto
1705 2436 1748 2459 ex
1762 2425 1864 2460 rebus
1873 2424 1983 2459 inani·
2049 2434 2052 2447 ¹

252 2475 353 2510 matis
364 2474 515 2522 lapidum
534 2474 569 2510 ὅ(
587 2474 756 2522 parietum
766 2474 971 2514 humiditas,
989 2475 1067 2521 quia
1082 2474 1138 2509 illa
1152 2473 1240 2509 fitex
1254 2474 1371 2510 multis
1380 2474 1564 2523 vaporibus
1577 2472 1775 2508 humidis&
1790 2470 1912 2512 craffis,
1921 2472 1982 2521 qui
2052 2517 2054 2521 Ι

247 2524 330 2559 cum
346 2523 536 2558 ascendere
558 2523 706 2570 propere
722 2534 796 2557 non
804 2519 949 2570 possint,
965 2523 1202 2558 adhaerescunt
1210 2523 1252 2557 ad
1262 2522 1401 2571 lapides.
1455 2523 1552 2557 idem
1563 2522 1709 2557 denotat
1723 2520 1847 2557 stridor
1862 2520 1983 2556 oleiad
2004 2518 2006 2526 ⁸

247 2570 446 2620 lampadem
456 2594 467 2611 ,
483 2571 563 2619 quia
573 2582 737 2619 vaporeS,
752 2572 812 2619 qui
826 2571 1064 2612 attrahuntur,
1081 2570 1129 2607 illi
1142 2572 1361 2607 attrahuntur
1378 2571 1415 2608 ὅ(
1428 2570 1625 2609 miscentur.
2028 2566 2050 2595 ‘0³⁴

350 2667 541 2703 Conclusio
557 2669 688 2716 quinta.
737 2666 866 2703 Pluviae
883 2667 1052 2704 Universo
1069 2663 1270 2704 necessariae.
1320 2667 1422 2703 Ratio
1439 2667 1502 2708 est,
1518 2666 1598 2715 quia
1614 2665 1684 2702 sine
1698 2666 1752 2702 his
1771 2665 1982 2702 exficcaren·
2001 2673 2004 2679 ’

250 2724 307 2752 tur
321 2715 440 2751 omnia
454 2717 594 2764 frugum
611 2728 748 2763 genera.
799 2715 946 2752 Pascunt
961 2717 1013 2752 hae
1022 2718 1181 2756 arbores,
1196 2714 1317 2756 flores,
1327 2717 1459 2752 herbas.
1510 2716 1739 2762 Suppeditant
1749 2713 1915 2750 fossilibus
1925 2715 1977 2750 vi·
2031 2722 2039 2742 ἐ

250 2763 453 2800 scositatem.
501 2755 811 2805 AEstus‘tum80lis,
827 2774 903 2800 tum
913 2764 1213 2802 subterraneorum
1231 2765 1364 2813 ignium
1380 2774 1597 2812 temperant3
1614 2764 1739 2798 noxios
1755 2762 1886 2811 spiritus
1904 2761 1980 2798 insi·
2036 2771 2054 2794 ιτ]

250 2824 345 2849 mam
361 2814 543 2860 regionem
560 2814 775 2853 obfidentes,
791 2813 826 2848 in
836 2814 1022 2849 hominum
1037 2814 1288 2862 pecudumque
1302 2814 1436 2848 ruinam
1447 2822 1679 2861 congregatos
1696 2812 1791 2847 mole
1803 2812 1857 2847 sua
1868 2812 1902 2846 in
1912 2821 1980 2847 ter·
2033 2819 2034 2826 ¹

248 2873 322 2897 ram
338 2862 543 2907 detrahunt3
558 2862 719 2898 fontes&
734 2861 878 2898 flumina
892 2861 947 2898 vel
963 2862 1195 2902 excitant,vel
1210 2874 1252 2896 au
1280 2872 1350 2896 ent.
1402 2862 1508 2897 Unde
1520 2860 1687 2908 fingulare
1705 2869 1833 2896 naturae
1849 2858 1979 2895 benefi-

246 2911 341 2946 cium
356 2910 402 2945 est
411 2932 421 2950 ,
430 2920 469 2946 ut
477 2911 563 2945 dum
572 2910 695 2958 pluviae
704 2912 724 2945 e
733 2911 881 2947 nubibus
890 2911 1079 2959 praecipites
1091 2912 1125 2945 in
1133 2874 1431 2950 terramiabantur,
1442 2910 1461 2945 e
1469 2909 1566 2945 terris
1581 2920 1698 2944 tamen
1707 2909 1818 2944 rursus
1827 2909 1862 2943 in
1869 2920 1979 2956 vapo-

242 2970 297 2994 res
307 2967 455 2994 tenuatae
469 2960 613 2994 redeant
628 2959 661 2993 in
674 2959 826 2995 sublime.
878 2959 1076 3007 InAEgypto
1084 2969 1202 2994 tamen
1213 2970 1391 3006 nunquam
1402 2958 1472 2993 fere
1480 2957 1567 3006 pluit
1580 2971 1592 3002 ς
1606 2957 1907 3005 Sunt,quipluviae
1918 2958 1979 2992 de·
2029 2967 2054 3009 ’χ

242 3006 375 3042 fectum
393 3006 497 3043 calori
511 3008 680 3046 tribuant,
699 3007 754 3043 sed
770 3007 887 3044 multae
906 3009 1068 3056 regiones
1084 3007 1265 3042 calidiores
1285 3007 1408 3055 pluviis
1425 3008 1586 3051 madent3
1599 3005 1848 3040 aliiventorum
1865 3016 1977 3053 penu·
1994 3004 1998 3038 ἔ
2025 3016 2052 3048 gt:

242 3055 330 3091 riam
345 3056 521 3094 accusant,
538 3055 595 3091 sed
617 3056 692 3103 quis
716 3056 842 3091 nesciat
864 3079 874 3097 ,
898 3056 1019 3091 Etesias
1039 3057 1228 3105 AEgyptum
1250 3056 1450 3102 frequenter
1473 3053 1617 3102 peri-lare
1637 3077 1648 3094 ,
1678 3055 1774 3089 unde
1802 3054 1976 3089 rationem

245 3102 313 3139 esse
338 3103 516 3143 existimo,
542 3106 638 3151 quod
665 3105 774 3140 nubes
800 3105 835 3139 in
862 3116 943 3140 eum
970 3104 1117 3141 tracitum
1141 3103 1261 3139 delatae
1286 3105 1332 3139 ob
1360 3103 1490 3151 spiritus
1517 3103 1664 3138 nitrosos
1690 3102 1836 3137 nubium
1860 3102 1968 3157 liqua-

243 3152 382 3188 tionem
405 3153 660 3202 prohibentes,
674 3153 709 3188 in
726 3153 879 3201 pluviam
893 3152 976 3189 solvi
991 3166 1066 3190 non
1080 3150 1220 3201 possint.
1285 3153 1436 3188 Econtra
1451 3151 1671 3188 Narnivensis
1684 3161 1767 3200 ager
1784 3149 1900 3199 pluvia
1917 3150 1976 3204 fic·-
1992 3161 1996 3201 s

1899 3208 1968 3234 cari
1992 3218 1993 3224 κ
