2054 3496
581 191 1146 263 Philosophico-Politica.
1640 205 1732 256 109

14 285 157 325 gentem
166 274 285 311 flatum
297 298 307 315 ,
315 283 422 310 vento
432 272 535 321 quam
547 273 753 309 fimillimum
769 288 778 309 :
802 274 847 308 ita
856 269 1148 320 pariterjudicare
1162 268 1243 304 licet
1261 269 1280 304 ἐ
1290 267 1433 316 parvulo
1442 290 1451 306 ,
1467 263 1735 314 breviffimoque

14 325 152 373 speculo
164 325 206 358 de
215 324 348 372 magnis
358 322 706 370 coeliventorumque
714 322 904 356 rationibus
919 333 930 365 3
956 331 1037 354 nam
1046 328 1084 354 ut
1101 330 1190 365 aqua
1204 316 1366 352 rarefacta
1382 318 1416 351 in
1427 328 1512 351 aerea
1529 316 1584 351 illa
1594 316 1659 364 pila
1675 326 1737 362 per

13 373 182 421 angustias
191 373 367 407 foraminis
386 371 416 405 se
433 370 590 417 exspirat,
607 370 649 406 iic
659 375 849 416 aenaqua,
873 367 1043 404 exhalatio
1061 366 1168 402 subit&
1182 365 1408 401 rarefaetione
1423 365 1587 399 diffluunt
1602 366 1637 398 in
1649 375 1734 398 ven-

12 431 100 460 tum,
111 421 277 469 quamvis,
286 430 324 454 ut
334 420 426 466 supra
437 418 763 458 monui,1·arefa&tio
780 419 854 453 haec
865 417 961 452 causa
973 416 1148 462 adaequata
1162 423 1352 448 ventorum
1369 425 1441 448 non
1459 413 1506 450 sit.
1557 412 1735 447 Caeterum

12 469 154 505 similem
163 468 307 514 globum
318 468 504 503 Kircherus
513 467 596 502 foco
604 466 793 514 adaptavit,
808 466 868 514 qui
883 465 937 500 sex
949 463 1106 500 carnium
1130 462 1229 497 libras
1247 462 1283 497 in
1299 473 1383 498 veru
1398 461 1470 510 igni
1484 461 1642 496 admotas
1657 471 1731 496 ver-

16 519 126 553 tendo
137 516 261 552 assavit.
1598 519 1602 523 ’

119 573 272 622 Colliges
282 596 292 612 ,
309 578 422 607 a'e'rem
431 571 534 606 etiam
544 572 756 618 quandoque
765 570 983 605 commoveri
993 568 1087 616 posse
1101 567 1233 604 afluvio
1243 566 1315 606 ,vel
1324 566 1387 602 alia
1408 578 1495 614 aqua
1511 566 1736 604 decurrente,

13 634 96 659 cum
107 634 253 669 quauna
263 621 420 668 rapiatur.
470 619 567 654 Patet
578 620 647 655 hoe
658 619 746 655 bella
762 618 972 665 experientia
988 618 1170 653 fornacum
1185 638 1195 653 2
1226 616 1261 649 in
1284 616 1408 662 quibus
1431 617 1560 662 absque
1578 613 1737 653 follibus,

14 672 195 719 ingentem
204 681 348 705 ventum
365 668 435 716 igni
444 668 629 703 excitando
640 667 834 702 mechanici
848 667 1025 701 concitare
1035 666 1144 700 solent
1157 665 1228 699 hoc
1238 665 1348 699 modo
1359 678 1367 698 z
1379 675 1503 711 aquam
1513 674 1554 698 ex
1562 662 1670 699 altiori
1680 661 1733 696 lo-

13 731 58 755 co
68 731 149 754 cum
159 720 288 765 impetu
302 727 461 752 ruentem
472 716 588 764 ligneo
601 726 717 751 meatu
726 716 779 750 vel
789 714 895 750 canali
907 715 952 748 ita
966 715 1143 762 excipiunt
1153 736 1163 752 ,
1174 722 1211 747 ut
1219 711 1330 760 aliqua
1339 722 1457 747 tamen
1474 711 1597 746 canalis
1605 721 1680 758 pars
1691 710 1733 745 ab

13 779 101 815 aqua
108 779 215 802 vacua
224 775 400 801 remaneat
409 778 421 810 ·‚
446 775 520 799 tum
531 776 570 799 os
580 765 704 799 canalis
715 764 750 798 in
759 774 817 798 vas
826 763 912 797 infra
919 762 1092 809 pertusum
1103 761 1259 796 derivant
1267 783 1277 799 ,
1287 761 1477 808 curantque
1485 783 1494 798 ,
1505 769 1543 794 ut
1551 771 1638 806 aqua
1649 770 1731 793 cum

13 816 146 864 impetu
156 816 190 850 in
201 814 283 850 illud
293 815 441 850 decidat.
495 813 681 861 Contingit
698 812 803 851 enim,
812 821 850 846 ut
859 816 926 850 a'er,
935 811 993 858 qui
1002 822 1097 858 aquae
1105 809 1286 848 incumbit,
1294 821 1363 843 una
1373 821 1452 844 cum
1463 820 1549 855 aqua
1561 808 1596 842 in
1606 818 1664 842 vas
1674 807 1732 841 de·

14 863 107 903 fluat,
118 863 241 911 &quia
250 862 375 898 canalis
388 873 429 897 ex
440 861 599 909 superiori
610 871 704 909 parte
714 860 812 894 latior
821 859 930 898 est,&
946 859 1029 894 alius
1050 859 1146 906 super
1164 857 1269 892 alium
1285 869 1366 893 cum
1378 869 1464 903 aqua
1475 857 1626 891 irruente
1641 855 1728 894 ruit,

14 910 463 959 comprimiturilleintusin
473 909 565 949 vase,
576 910 810 957 &pertubum
820 909 923 943 furno
935 906 1118 942 immissum
1137 904 1339 953 propellitur
1354 906 1388 940 in
1405 906 1520 953 ignem
1534 928 1544 944 ,
1577 904 1733 950 cumque

12 961 126 997 multo
135 960 297 1008 equidem
307 959 562 997 vehementiuS,
578 961 680 1006 quam
692 956 831 992 liafolle
848 956 1115 1004 exprimeretur,
1130 954 1295 989 concitat.
1345 957 1445 1002 Aqua
1462 954 1547 990 vero
1563 965 1606 989 ex
1619 952 1731 988 fundo

12 1009 96 1046 vafis
105 1008 242 1057 pertuso
253 1008 361 1043 effluit
369 1030 379 1047 ,
395 1017 433 1042 ut
441 1007 535 1042 alteri
547 1006 688 1041 irruenti
697 1005 814 1041 locum
823 1004 1004 1052 relinquat.

115 1068 261 1114 Qaeres
270 1068 385 1102 adhuc
394 1066 506 1114 primo
521 1080 530 1101 t
557 1067 632 1102 Cur
651 1075 793 1105 ventus,
811 1066 891 1101 cum
903 1066 920 1100 a
937 1065 1106 1114 principio
1121 1066 1348 1102 moveaturin
1356 1065 1452 1114 plura
1468 1065 1589 1104 latera,
1608 1065 1736 1100 deinde

14 1115 162 1151 retineat
170 1126 308 1151 motum
319 1116 353 1150 in
363 1115 500 1150 unicam
510 1125 652 1162 partem.
704 1114 932 1161 Respondeo:
950 1115 1135 1149 Rationem
1147 1115 1361 1162 quandoque
1369 1113 1436 1149 effe
1445 1137 1455 1154 ,
1472 1114 1549 1160 quia
1561 1113 1733 1148 exhalatio

13 1173 90 1211 apta
99 1165 141 1198 ad
150 1164 429 1199 continuandum
439 1174 595 1203 ventum,
604 1163 824 1210 protenditur
833 1162 941 1197 solum
953 1163 1141 1198 secundum
1152 1176 1256 1198 unam
1268 1173 1401 1211 partem
1412 1174 1439 1199 e.
1450 1175 1482 1211 g.
1492 1163 1533 1196 ad
1544 1163 1733 1197 dexteram.

13 1213 178 1247 Secundo
197 1211 476 1259 fierihocpotest,
487 1213 566 1258 quia
577 1223 619 1246 ex
640 1221 810 1259 unaparte
825 1211 996 1246 exhalatio
1012 1210 1215 1250 refleffitur,
1231 1212 1266 1247 ὅ(
1281 1211 1456 1259 repellitur
1465 1211 1579 1258 aliquo
1589 1211 1734 1257 impedi-

14 1272 138 1296 mento
149 1284 159 1300 ,
169 1273 196 1296 e.
208 1274 241 1310 g.
251 1261 272 1295 si
290 1270 435 1309 cogatur
443 1260 612 1295 exhalatio
623 1261 666 1295 ad
681 1259 785 1295 latera
794 1260 925 1294 montis
935 1283 944 1299 ,
963 1260 997 1295 ὃ(
1006 1270 1144 1295 motum
1155 1261 1330 1308 concipiat
1338 1283 1348 1300 ,
1357 1260 1470 1294 monti
1480 1258 1732 1307 appullarepel-

13 1308 105 1347 litut,
115 1320 219 1357 atque
228 1311 316 1344 adeo
327 1321 398 1344 non
409 1309 592 1343 continuat
599 1319 737 1343 motum
746 1309 864 1343 versus
875 1308 977 1343 latera
987 1309 1118 1343 montis
1135 1332 1144 1348 2
1153 1308 1338 1356 aliquando
1356 1308 1457 1343 etiam
1473 1318 1512 1342 ut
1524 1307 1656 1343 dietum
1667 1307 1730 1346 est',

14 1358 217 1405 repellitura
227 1359 331 1396 nube.
387 1358 420 1392 Si
429 1359 513 1392 vero
523 1357 704 1404 contingat
714 1356 967 1392 exhalationem
977 1356 1151 1404 aequaliter
1161 1358 1309 1403 expandi
1318 1358 1353 1391 in
1371 1356 1487 1391 omnia
1496 1355 1648 1395 latera,&
1658 1368 1730 1390 non

15 1405 848 1453 invenireimpedimentum,continuabitmotum
860 1405 893 1439 in
902 1405 1016 1453 plures
1024 1415 1136 1453 partes
1152 1427 1162 1445 ,
1197 1406 1232 1441 ἃς
1249 1406 1332 1440 ficut
1346 1407 1386 1441 ab
1397 1416 1469 1440 uno
1487 1403 1586 1439 fonte
1596 1403 1734 1450 possunt

16 1456 97 1489 oriri
108 1455 221 1502 plures
231 1453 342 1493 fluvii,
363 1454 406 1489 fic
422 1455 462 1488 ab
479 1465 552 1488 uno
561 1454 660 1488 fonte
668 1453 894 1488 exhalationis
912 1454 1069 1489 orientur
1082 1453 1197 1502 plures
1211 1455 1331 1498 venti3
1356 1464 1461 1501 atque
1478 1463 1515 1488 ut
1523 1452 1734 1500 persistamus

16 1503 52 1537 in
68 1504 196 1538 eodem
206 1502 366 1550 exemplo
375 1525 384 1542 ,
404 1502 486 1537 sicut
494 1502 605 1550 potest
616 1514 702 1549 aqua
712 1514 754 1537 ex
762 1503 889 1537 eodem
899 1503 998 1537 fonte
1014 1503 1158 1537 derivari
1168 1503 1201 1537 in
1210 1503 1324 1550 plures
1333 1513 1447 1550 partes
1456 1525 1465 1542 ,
1481 1502 1514 1536 in
1533 1513 1678 1549 quarum
1688 1501 1733 1536 al-

17 1561 89 1586 tera
97 1551 233 1591 arescat,
245 1552 288 1586 eo
304 1552 399 1599 quod
409 1562 481 1585 non
494 1552 660 1587 accedant
667 1550 736 1585 aliae
745 1562 851 1597 aquae,
861 1551 895 1585 in
905 1551 1008 1586 altera
1016 1550 1100 1587 vero
1110 1553 1357 1588 accedentibus
1367 1551 1437 1588 aliis
1451 1551 1547 1598 aquis
1564 1551 1685 1587 evadat
1693 1550 1728 1585 in

18 1612 184 1649 magnum
196 1599 339 1639 flumen,
348 1599 390 1634 lic
400 1600 511 1647 potest
524 1599 682 1635 accidere
698 1600 733 1634 in
748 1599 977 1634 exhalatione.

116 1666 261 1712 Quaeres
270 1664 439 1703 secundo,
458 1676 529 1712 quo
539 1663 640 1711 pacto
648 1673 773 1699 ventus
787 1661 890 1698 cesset
904 1663 916 1702 ἓ
946 1663 1153 1712 Respondeo
1169 1675 1178 1696 z
1205 1662 1343 1699 Cessare
1365 1662 1460 1712 poli'e
1477 1666 1590 1712 primo
1606 1676 1649 1700 ex
1665 1676 1727 1705 eo,

18 1715 115 1763 quod
124 1713 293 1748 exhalatio
303 1712 493 1748 maden-ieta
507 1714 524 1747 a
538 1712 652 1760 pluvia
664 1713 797 1747 amittat
805 1713 1034 1759 aptitudinem
1044 1714 1086 1747 ad
1096 1723 1233 1747 motum
1243 1725 1253 1756 3
1270 1712 1435 1751 secundo,
1447 1724 1487 1747 ex
1497 1725 1552 1753 eo,
1562 1715 1659 1761 quod
1668 1726 1726 1748 ex-

18 1763 147 1800 halatio
167 1762 354 1808 dissipetur,
367 1762 496 1808 spiritus
506 1761 643 1795 enimin
652 1771 764 1800 motu,
773 1761 856 1795 dum
869 1772 991 1795 corum
1001 1772 1075 1808 pars
1084 1761 1385 1796 adhccrescitterrae
1394 1785 1404 1800 ,
1429 1761 1465 1796 ἃ·
1479 1761 1549 1797 aliis
1557 1764 1678 1802 rebus,
1692 1763 1729 1798 in

20 1823 103 1860 quas
112 1810 486 1860 impingunt,paulatim
496 1810 746 1857 disperduntur,
755 1809 791 1845 «Sc
800 1809 1012 1857 dislipantur,
1021 1819 1124 1857 atque
1133 1809 1222 1844 adeo
1232 1808 1334 1845 cessat
1341 1820 1478 1846 ventus.

316 1942 901 2009 CONCLUSIO
960 1942 1447 2010 POLITICA.

415 2073 597 2142 Malo
625 2073 996 2166 praeveniat,
1026 2099 1110 2143 ne
1132 2072 1342 2168 serpat.

88 2231 256 2280 {speciosa
266 2229 440 2278 illaTrojae
450 2232 503 2266 fax
512 2243 551 2266 ac
562 2232 679 2267 nobile
695 2233 845 2268 scortum
863 2232 1015 2271 Helena,
1029 2233 1235 2279 praemature
1253 2232 1401 2269 extinua
1409 2233 1539 2275 fuisset,
1556 2247 1738 2283 nunquam

96 2281 177 2315 illud
191 2280 275 2315 Afiae
284 2280 586 2328 propugnaculum
597 2280 784 2328 Pergamus
796 2304 806 2320 ,
832 2292 896 2328 pro
918 2279 1016 2327 cujus
1031 2281 1138 2316 muris
1152 2282 1195 2316 ad
1209 2281 1325 2317 invicti
1339 2283 1551 2319 munimenti
1566 2284 1741 2332 exemplar

94 2328 332 2364 construendis
344 2328 719 2376 Neptuni&Apollinis
735 2340 858 2364 manus
873 2329 1149 2369 collaborarunt,
1163 2340 1232 2364 tam
1242 2330 1358 2365 illustri
1372 2332 1414 2366 ad
1431 2332 1584 2368 immane
1601 2333 1738 2368 bustum

21 2379 118 2414 ruina
130 2375 239 2412 luiffet
247 2377 288 2411 ad
299 2377 413 2424 ignem
424 2376 869 2425 extincta,cuiinsuperpari
879 2378 1011 2413 funesta
1019 2377 1097 2414 luce
1106 2387 1160 2413 tot
1177 2377 1372 2414 Heuorum
1388 2392 1428 2415 ac
1444 2381 1606 2416 Heroum
1616 2382 1738 2417 funera

23 2428 257 2475 parentfirunt.
312 2426 414 2460 Unde
424 2426 533 2465 caute,
544 2437 583 2460 ac
591 2425 702 2473 primo
712 2426 747 2461 in
757 2425 876 2461 limine
890 2426 1067 2462 scintillam
1076 2426 1313 2463 suffocandam
1323 2428 1473 2464 Ovidius
1487 2430 1715 2478 praemonuit:

173 2522 390 2578 Principiis
403 2521 510 2577 obsta,
516 2521 606 2580 ftrb
620 2522 810 2564 medicina
825 2533 1015 2580 paratur,

257 2611 350 2655 Cizm
371 2611 476 2655 mala
489 2624 568 2670 per
589 2612 721 2671 longas
741 2613 946 2656 invaluere
966 2629 1109 2657 moras.

26 2717 213 2755 Flammula
221 2717 286 2758 est,
302 2729 377 2766 quae
396 2718 453 2753 sub
468 2718 640 2754 cineribus
662 2719 841 2767 sepelitur,
867 2730 900 2756 at
915 2730 1022 2756 vento
1036 2719 1142 2757 flante
1158 2720 1222 2757 suis
1240 2720 1547 2769 quafiefuneribus
1555 2736 1595 2760 ac
1611 2725 1733 2764 cineri-

26 2770 90 2804 bus
116 2767 317 2805 renascitur,
333 2777 436 2814 atque
461 2778 503 2802 ex
519 2767 681 2816 Pygmaeo
696 2769 785 2818 ignis
808 2769 914 2818 Gigas
934 2770 1087 2804 incendii
1101 2770 1281 2810 excrescit,
1308 2780 1347 2805 ut
1358 2770 1539 2808 vastisfima
1553 2775 1734 2810 aeternitati

27 2814 565 2852 consecrataaedificiafoedisfima
573 2816 726 2852 vastitate
737 2817 808 2853 solo
819 2827 950 2866 aequata
964 2818 1011 2853 nil
1025 2819 1084 2854 nisi
1098 2820 1233 2853 fumum
1250 2818 1437 2866 parturiant
1449 2843 1459 2859 ,
1484 2833 1524 2856 ac
1539 2834 1602 2869 pro
1616 2822 1734 2871 gloriae

25 2874 262 2901 monumento
271 2863 424 2899 cinerem
432 2865 640 2899 reservantes
650 2865 705 2900 libi
714 2866 787 2914 ipfis
795 2866 932 2902 fumoso
943 2867 1116 2914 epitaphio
1126 2867 1319 2902 acclament
1327 2879 1335 2900 z
1344 2866 1450 2903 Parva
1458 2869 1515 2906 sub
1524 2871 1641 2906 cinere
1650 2871 1734 2906 scin-

28 2913 97 2949 tilla
107 2923 172 2947 nos
180 2912 214 2946 in
225 2911 357 2947 cineres
366 2913 509 2961 redegit.
559 2913 643 2948 Hoc
652 2914 817 2962 sapienter
831 2914 1021 2964 agnoscens
1031 2915 1322 2963 Philosophorum
1331 2916 1507 2965 Principes
1516 2919 1558 2953 ad
1569 2918 1734 2967 lapientes

29 2961 162 3009 scripfit.
187 2963 324 3015 Sapientis
339 2959 372 3004 cst
391 2963 538 2994 malorum
552 2966 641 2994 initiis
657 2976 818 3001 occurrere.
868 2963 981 2998 Prima
1001 2964 1079 2999 belli
1101 2963 1238 2999 flamma
1253 2964 1312 2999 suo
1329 2965 1364 3000 in
1379 2965 1478 3000 fonte
1493 2968 1733 3012 extinguatur,
1749 2990 1784 3023 A
1807 2993 1814 3001 .
1850 2991 1863 3023 Ι

29 3009 166 3046 occulta
176 3009 382 3044 seditionum
395 3009 565 3044 seminain
577 3011 688 3058 capite
698 3011 957 3052 suntelidenda,
983 3013 1212 3060 &antequam
1230 3014 1264 3047 in
1278 3013 1358 3049 belli
1374 3014 1574 3050 Draconem
1584 3006 1732 3057 inimici,
1752 2988 1841 3071 127.st
1861 2998 1906 3028 '4'

29 3057 223 3093 acintestini
233 3057 402 3104 serpentes
411 3057 622 3098 adolescant,
648 3059 723 3095 sunt
732 3062 772 3096 ab
781 3072 870 3101 ovo,
884 3061 919 3095 in
933 3070 1035 3096 utero
1044 3062 1312 3107 comprimendi.
1361 3062 1479 3108 jamin
1490 3064 1587 3098 cunis
1595 3065 1730 3100 Hercu-
1754 3049 1902 3119 cosmas,

28 3105 78 3143 les
97 3105 222 3154 sapuit,
236 3107 315 3153 quia
333 3117 377 3142 ne
395 3107 631 3143 excrescerent
644 3130 654 3149 ,
678 3108 781 3145 celeri
801 3121 908 3145 manu
926 3120 1056 3192 angges
1072 3109 1165 3145 elilit.
1227 3112 1325 3146 Omne
1339 3112 1454 3145 malum
1467 3112 1677 3160 nascmsfacil}
1689 3126 1737 3160 op·
1751 3099 1852 3182 &222⁰
1873 3102 1907 3121 m

1044 3169 1057 3204 3
1632 3167 1738 3209 primi·
1844 3161 1855 3175 ⁰
