2054 3496
250 216 344 278 '258
903 205 1268 280 Meteorologia

359 288 409 323 Ex
424 297 496 334 quo
514 285 688 335 colligitur
700 285 833 333 primo,
849 286 1042 321 tenfionem
1058 286 1148 322 hanc
1170 285 1339 321 halituum
1357 282 1430 331 fieri
1447 291 1491 320 ex
1505 280 1645 325 calore,
1673 281 1732 333 qui
1751 282 1809 322 ubi
1825 285 1870 323 ita
1885 282 1917 322 i‘e
1930 294 1982 323 re*

259 336 382 376 mittit,
395 344 434 371 ut
453 345 526 370 non
542 332 722 382 praevaleat
735 357 745 374 ,
761 335 804 369 ad
819 333 915 370 suum
933 334 1139 382 principium
1154 332 1311 381 filamina
1325 332 1379 371 iila
1394 329 1486 368 illico
1500 334 1759 381 regrediuntur,
1773 332 1984 383 idquejuxta

260 394 416 421 naturam
433 377 703 430 uniuscujusque
717 382 874 429 corporis
891 384 945 418 fila
958 382 1093 417 raritate
1108 382 1159 418 vel
1178 381 1342 417 densitate
1357 378 1596 429 spoliati3hinc
1613 381 1667 422 fit,
1682 385 1779 429 quod
1793 386 1983 419 vehemens

265 432 360 468 calor
375 431 578 468 wachonem
590 431 771 479 impediat,
787 431 832 465 ita
849 432 941 466 enim
959 430 1084 466 halitus
1098 427 1271 470 extendit,
1284 436 1323 464 ut
1331 425 1384 464 vel
1396 425 1550 469 manvei
1565 439 1720 478 rumpat,
1735 438 1775 467 ut
1789 433 1902 467 redire
1911 444 1981 467 am⁶

264 480 354 530 plius
371 481 406 516 in
422 481 452 515 se
461 491 534 514 non
543 476 687 527 poffint,
702 479 757 514 sed
774 477 975 515 attollantur
988 479 1021 513 in
1031 478 1137 514 altum
1153 478 1199 526 ob
1215 474 1358 514 nimiam
1375 479 1671 516 extenuationem.

365 528 552 577 Colligitur
568 527 742 563 secundo:
759 529 855 575 quod
871 528 920 563 uti
935 525 1096 575 praedicCta
1104 524 1274 562 halituum
1288 521 1439 561 filamina
1455 524 1537 561 sead
1551 538 1657 574 poros
1673 527 1830 575 corporis
1838 527 1983 572 reduffes

260 586 360 618 runt,
372 572 501 625 poffint
515 576 552 612 ὅ(
568 577 718 612 debeant
732 575 846 610 rursus
859 576 976 625 egredi
993 594 1003 615 ,
1018 586 1098 611 cum
1116 574 1310 623 perseveret
1323 570 1416 609 idem
1432 575 1467 609 in
1486 582 1636 622 corpore
1648 573 1742 611 calor
1755 595 1766 622 ,
1779 576 1837 623 qui
1855 577 1985 624 semper

265 626 312 661 est
327 626 373 662 ibi
388 622 499 672 major
510 647 520 665 ‚
535 632 638 672 quam
649 625 685 659 in
701 627 775 659 ab're
791 624 1033 661 circumstante
1048 631 1191 672 propter
1207 618 1425 670 sulphuream
1440 624 1640 663 materiam,
1658 623 1778 671 quae&
1792 624 1890 659 citius
1900 634 1985 659 con-

264 675 365 722 cipit,
380 674 417 710 ὅ(
432 674 560 708 diutius
576 672 702 708 retinet
717 667 936 710 caliditatem.
1110 714 1116 718 ἱ
1171 715 1174 717 .
1881 717 1884 719 Β

365 722 553 770 Colligitur
569 721 690 756 tertio:
706 721 780 756 Cur
790 743 800 760 ,
817 720 838 755 fi
856 720 1032 757 succinum
1046 717 1123 768 post
1137 713 1307 755 afflictum
1322 725 1432 754 vento
1449 718 1605 754 validiori
1616 720 1818 767 exponitur,
1833 721 1886 754 vel
1903 716 1984 755 vali-

264 768 312 807 do
328 769 493 819 perfletur
506 769 677 809 anhelitu,
692 769 820 804 deinde
836 770 1044 808 nontrahat,
1058 770 1137 816 quia
1151 765 1275 804 scilicet
1291 766 1357 802 hac
1372 764 1507 803 ratione
1521 767 1690 803 halituum
1709 766 1882 804 illamenta
1897 766 1985 805 disli-

262 828 400 868 pantur.
452 819 550 853 Idem
564 817 754 866 contingit,
772 817 792 852 fi
808 817 919 852 valide
927 817 1134 852 succutiatur
1146 836 1157 857 ε,
1172 823 1231 851 aut
1245 824 1341 863 aquae
1356 812 1599 864 immergatur,
1613 825 1673 853 aut
1687 827 1792 853 manu
1809 817 1985 853 humidio-

268 879 306 904 re
318 890 329 908 ,
351 865 407 902 vel
421 867 594 916 pinguiori
608 866 683 914 post
700 865 899 901 frictionem
913 865 1124 903 attrec‘cetur⁴
1170 861 1349 913 Tempore
1367 864 1469 899 etiam
1485 864 1604 912 pluvio
1619 864 1734 900 minus
1758 866 1862 900 trahit
1874 888 1885 906 ,
1908 864 1988 912 quia

266 927 396 963 nempe
410 916 567 951 humoris
575 914 747 963 particulae
761 915 883 962 partim
898 924 1005 962 poros
1019 914 1216 952 obstruunt,
1229 913 1352 961 partim
1362 913 1555 947 tenuillima
1565 912 1740 949 filamenta
1750 913 1896 949 solvunt.
1923 911 1986 950 Ni-

266 963 314 1000 hil
337 964 439 999 etiam
455 964 575 1003 trahit,
591 963 613 998 si
628 974 756 1010 corpus
773 962 932 1010 aliquod,
946 970 1186 1011 quantumque
1204 958 1386 1009 exiguum,
1401 957 1643 1008 interjiciatur3
1660 963 1730 998 hoc
1738 962 1832 998 enirn
1841 963 1941 998 obice
1950 962 1985 998 li-

266 1012 322 1049 stit
336 1011 506 1048 halituum
522 1009 691 1051 filamina,
706 1012 742 1047 in
757 1020 828 1058 quo
843 1012 994 1047 maxime
1007 1011 1026 1047 a
1040 1010 1234 1059 magnetica
1243 1010 1370 1045 virtute
1387 1009 1561 1058 discrepat.

365 1062 510 1109 Qaeres
526 1070 661 1100 tamen,
678 1070 749 1108 quo
762 1059 853 1095 lucro
869 1059 966 1108 palea
981 1058 1121 1095 attratra
1135 1060 1346 1098 retineatur,
1368 1056 1455 1093 ratio
1473 1057 1652 1093 dubitandi
1669 1056 1738 1098 est,
1759 1068 1839 1094 nam
1863 1059 1884 1094 fi
1905 1057 1988 1095 hali·

265 1117 321 1147 tus
336 1106 528 1145 alternatim
544 1109 723 1158 prodeunt
737 1131 747 1148 ,
768 1107 803 1143 <Sc
815 1108 926 1144 rursus
944 1108 1012 1143 sese
1025 1108 1198 1156 recipiunt
1212 1130 1222 1147 ,
1243 1118 1304 1142 cur
1319 1116 1466 1154 corpora
1488 1106 1588 1142 semel
1604 1116 1697 1154 rapta
1711 1118 1785 1143 non
1805 1105 1987 1154 rejiciunt!

265 1158 495 1206 Respondeo,
510 1157 608 1194 facile
625 1159 696 1193 hoc
713 1156 872 1203 explicari
884 1157 1156 1197 ,confiderando
1177 1164 1334 1192 naturam
1350 1153 1509 1190 filaminis
1523 1154 1639 1190 viscofi
1650 1175 1660 1195 ,
1678 1166 1720 1190 ex
1735 1156 1805 1192 hoc
1821 1157 1913 1191 enim
1928 1157 1988 1192 sta-

268 1207 332 1242 tim
348 1216 488 1254 apparet
499 1228 509 1245 ,
525 1206 623 1254 quod
638 1207 721 1241 dum
733 1216 859 1253 corpus
873 1208 915 1240 ad
933 1206 1110 1241 succinum
1127 1204 1173 1240 est
1190 1203 1379 1239 adduclum
1395 1222 1406 1242 ,
1423 1201 1514 1239 illico
1532 1203 1597 1239 (ele
1614 1204 1768 1252 implicet
1783 1203 1819 1240 &
1834 1203 1989 1241 involvat

267 1264 380 1303 usque
394 1256 436 1290 ad
447 1255 598 1290 radicem
615 1254 650 1290 in
666 1254 805 1290 succino
821 1253 1056 1301 implantatam
1069 1273 1080 1294 ,
1104 1263 1144 1289 ac
1169 1253 1421 1299 consequenter
1435 1261 1508 1287 non
1530 1251 1624 1300 poss'e
1647 1252 1793 1301 amplius
1807 1254 1849 1289 ab
1862 1264 1906 1289 eo
1922 1253 1988 1290 sese

270 1304 451 1352 expedire,
466 1303 503 1339 ὃ(
515 1304 613 1352 quod
629 1303 772 1339 ulterius
789 1302 956 1351 sequitur,
973 1313 1048 1338 non
1063 1302 1178 1338 valere
1193 1301 1338 1350 amplius
1354 1299 1438 1336 illud
1449 1301 1625 1349 repellere.
1962 1301 1969 1304 “

550 1461 1144 1533 CONCLUSIO
1219 1460 1713 1531 POLITICA,

693 1577 965 1644 Morum
988 1572 1247 1712 cqnsiitas
1264 1571 1589 1642 neminem

1076 1680 1100 1712 C
1121 1676 1245 1731 picit.

366 1782 461 1819 Irum
476 1779 654 1830 publicum
671 1789 745 1816 non
763 1777 836 1816 fatis
854 1779 923 1829 agit
937 1773 1123 1818 Politicus,
1138 1776 1195 1827 qui
1207 1776 1378 1827 privatum
1393 1798 1404 1819 ,
1426 1776 1529 1813 etiam
1545 1774 1704 1813 infimum
1717 1798 1729 1819 ,
1744 1773 1805 1813 suo
1820 1775 1840 1813 ὲ
1854 1776 1990 1826 gremio

375 1838 537 1876 excludit.
589 1837 765 1872 Omnibus
781 1837 849 1872 hoc
858 1844 974 1882 patere
989 1835 1109 1874 debet,
1125 1845 1163 1870 ut
1179 1834 1296 1870 Patriae
1305 1831 1441 1871 Patrem
1450 1835 1482 1870 se
1490 1832 1555 1870 effe
1564 1835 1693 1870 audiar.
1720 1831 1990 1875 QtAoevbemrloe

368 1885 690 1923 fivessenevolentia
700 1882 833 1920 nullum
853 1885 1040 1919 hominum
1056 1882 1177 1918 statum
1194 1883 1254 1919 suo
1270 1883 1401 1919 influxu
1410 1884 1705 1932 praetergreditur,
1718 1882 1824 1919 fontis
1834 1880 1932 1919 instar
1940 1882 1989 1917 di-

272 1944 334 1972 ves
348 1936 384 1971 in
399 1945 535 1972 omnes.
584 1934 719 1969 Eodem
735 1933 869 1973 intutu,
886 1942 958 1980 quo
974 1931 1131 1967 observat
1147 1929 1343 1979 Principum
1361 1932 1471 1973 aulas,
1486 1931 1672 1979 plebeculae
1687 1931 1820 1979 respicit
1837 1930 1990 1979 mapalia.
2025 1959 2030 1962 .

276 1984 406 2022 Eadem
423 1985 556 2019 aurium
573 1982 731 2025 facilitate
747 1980 783 2019 &
797 1982 1001 2029 Magnarum
1016 1979 1225 2028 prztstolatur
1240 1980 1380 2028 imperia
1394 2001 1405 2020 ,
1421 1979 1457 2016 ὅ(
1470 1979 1589 2028 populi
1606 1991 1725 2026 preces
1740 1981 1890 2027 excipit3
1910 1991 1990 2027 qua-

276 2044 346 2081 que
359 2044 463 2068 manu
472 2027 615 2078 januam
633 2029 755 2065 reserat
769 2028 882 2069 diviti,
897 2030 1020 2064 eadem
1037 2029 1176 2076 pauperi
1188 2029 1344 2065 recludit.
1398 2028 1632 2065 Reveretur&
1645 2029 1678 2063 in
1691 2029 1802 2076 pretio
1812 2030 1918 2064 habet
1927 2030 1991 2064 Re.

274 2093 359 2129 gum
374 2091 578 2129 purpuram,
596 2079 650 2114 sed
667 2078 701 2114 <Sc
718 2077 834 2114 lacero
844 2077 983 2126 palliolo
999 2076 1164 2112 amietum
1178 2077 1393 2124 amplexatur
1407 2077 1583 2113 clientem.
1637 2077 1732 2112 Nihil
1751 2078 1843 2112 enim
1855 2077 1991 2125 adigni-

276 2139 346 2166 tate
362 2130 416 2164 sua
426 2129 576 2164 alienum
591 2137 705 2176 putat,
721 2128 817 2174 quod
835 2126 1027 2175 benignitas
1039 2125 1085 2160 sui
1102 2126 1255 2161 muneris
1273 2126 1453 2174 proprium
1468 2124 1533 2160 effe
1549 2125 1655 2164 ducit.
1707 2125 1845 2162 Virtute
1854 2126 1990 2161 temula-

273 2186 329 2214 tur
344 2177 541 2214 succinum:
559 2174 693 2211 Attraht't
705 2175 758 2208 hoc
768 2178 877 2222 paleas,
894 2174 1017 2207 attrahit
1030 2175 1075 2208 ille
1091 2173 1213 2215 Cedros,
1229 2183 1266 2210 ut
1278 2172 1387 2210 Poeta
1402 2186 1475 2209 non
1491 2172 1652 2223 ignobilis
1669 2175 1807 2211 cecinit.
1834 2176 1886 2208 Ille
1896 2186 1990 2210 nam-

276 2237 344 2274 que
355 2225 423 2260 ver‘e
438 2229 621 2259 incrementis
629 2225 690 2269 fids
703 2230 798 2268 major
811 2221 846 2268 est
856 2249 864 2263 ‚
881 2223 993 2270 inquit
1008 2223 1253 2269 Symmachus,
1273 2233 1360 2268 quem
1370 2222 1534 2268 sablimitas
1545 2221 1749 2269 partihonoris
1764 2225 1895 2258 incisam.
1926 2223 1991 2257 lm·
2053 2230 2054 2241 ¹

271 2284 334 2330 par
349 2286 393 2309 eo
403 2275 471 2322 ipio
488 2270 676 2319 majoribus
690 2292 700 2312 ,
717 2273 775 2320 qui
790 2267 866 2307 solis
875 2271 1059 2320 grandibus
1075 2281 1134 2318 par
1150 2271 1481 2312 sibivifus,minores
1494 2270 1647 2319 despicit.
1700 2271 1906 2307 Commune
1916 2271 1989 2307 sub—

265 2322 402 2372 Jec‘tum
417 2321 676 2371 agiOEolicims,
692 2321 727 2355 in
744 2333 815 2367 quo
834 2319 958 2355 nobilis
973 2319 1071 2366 aeque'
1092 2332 1131 2356 ac
1154 2320 1314 2367 ignobilis
1331 2320 1441 2356 forma
1458 2319 1555 2355 suurn
1573 2318 1823 2360 sustentationis
1843 2318 1991 2356 fulcrum

270 2373 400 2408 habere
409 2380 558 2418 oportet.
609 2368 800 2417 Gregorius
808 2367 971 2404 Pontifex
986 2378 1228 2415 cognomento
1237 2366 1453 2417 Magnus,ut
1466 2366 1656 2415 superbiam
1666 2370 1990 2416 retunderet,Joan·

270 2420 322 2456 nis
335 2419 538 2455 Patriarchae
547 2415 946 2464 constantinopolitani,
963 2417 1021 2463 qui
1032 2416 1255 2452 universalem
1268 2417 1297 2451 fe
1306 2416 1512 2464 Episcopum
1524 2415 1706 2452 inscribere
1721 2415 1818 2452 ausus
1832 2438 1842 2458 ,
1859 2418 1989 2464 primus

272 2472 379 2504 Servus
387 2466 627 2512 semorumDEI
637 2465 701 2501 sese
715 2463 907 2513 appellavit.
959 2462 1089 2500 Merito
1107 2464 1219 2500 dictus
1229 2462 1381 2514 Magnus
1400 2465 1616 2501 credentium
1628 2462 1743 2506 Pater,
1759 2467 1842 2500 dum
1861 2466 1890 2500 se
1900 2467 1991 2501 ado-

274 2515 410 2552 mnium
426 2515 589 2562 obsequia
603 2513 735 2549 demilit
744 2515 880 2551 Servus.
931 2513 1074 2549 Nullam
1090 2524 1219 2560 nempe
1235 2513 1458 2560 personarum
1473 2512 1664 2547 distantiam
1684 2512 1935 2550 benevolentiae
1953 2526 1990 2549 ο-
2033 2547 2038 2552 ,

274 2565 372 2601 culus
387 2564 580 2600 considerat
592 2585 603 2602 ,
619 2561 727 2610 quiin
751 2572 959 2610 unaquaque
976 2560 1121 2610 dignum
1135 2562 1270 2598 virtutis
1286 2563 1488 2599 exercendae
1497 2561 1624 2610 reperit
1640 2558 1830 2609 objectum.
1897 2563 1991 2599 Bene

274 2612 618 2663 Tragoediogtaphus
627 2609 768 2646 Graecus
776 2621 786 2646 z

105 2239 260 2291 &mmach

110 2720 262 2770 Sophocles.
572 2707 746 2777 Magnus
751 2705 894 2764 parvis
899 2704 997 2765 slepe}
1001 2704 1187 2764 jungitur
1193 2737 1207 2760 ,

574 2767 675 2821 Saepe
690 2763 715 2807 ιὶ
729 2764 872 2821 parvis
891 2778 1122 2822 magnorum
1137 2778 1203 2807 res

574 2823 850 2879 Cmfirmatur.

404 2929 526 2967 Nemo
541 2937 612 2964 tam
641 2926 688 2964 est
713 2927 858 2977 exiguus
879 2949 890 2968 ,
922 2937 960 2963 ut
984 2928 1028 2963 ad
1044 2938 1169 2976 magna
1194 2940 1267 2965 non
1294 2926 1415 2964 serviat
1435 2948 1448 2968 ,
1476 2927 1604 2964 famam
1630 2926 1667 2965 ὅ(
1691 2924 1857 2973 ειῌέξῖυῐη
1880 2928 1990 2976 publi-

113 2990 266 3027 l.8.che-
281 2989 376 3018 cum.
424 2977 521 3013 Nihil
536 2977 629 3012 enim
643 2974 834 3024 jucundius
858 2976 909 3011 his
923 2998 933 3016 ,
954 2976 1014 3023 qui
1037 2987 1228 3025 reguntur,
1244 2977 1311 3013 effe
1325 2975 1436 3024 potest
1448 2998 1458 3016 ,
1475 2976 1496 3011 li
1514 2976 1693 3013 Francisco
1709 2974 1850 3012 Patritio
1874 2978 1988 3013 creda-

129 3051 188 3087 3⁶0
278 3038 383 3066 mus,
409 3038 512 3072 quam
537 3037 619 3061 cum
646 3025 843 3074 intelligunt
859 3047 868 3064 ,
900 3036 998 3060 aures
1015 3024 1101 3059 illius
1124 3047 1135 3066 ,
1155 3026 1214 3072 qui
1239 3034 1360 3075 regnat
1378 3047 1388 3064 ‚
1413 3034 1531 3072 patere
1562 3036 1635 3060 non
1669 3024 1778 3060 solum
1805 3025 1988 3072 Optimati-

189 3067 199 3078 ’
278 3077 342 3111 bus
367 3097 377 3113 ,
409 3075 464 3109 sed
497 3074 532 3110 &
558 3073 744 3121 plebeculae
766 3095 777 3112 ,
809 3085 875 3109 noc
903 3073 1003 3108 ullius
1029 3073 1177 3120 querelis
1208 3073 1335 3109 claulas
1360 3072 1436 3110 effe.
1510 3073 1744 3109 Inculantibus
1768 3075 1887 3109 amicis
1907 3073 1988 3108 Tra-

276 3122 399 3172 janum
426 3123 674 3170 Imperatorem
699 3143 710 3163 ,
736 3122 833 3168 quod
858 3133 979 3169 parum
1004 3133 1143 3157 memor
1169 3122 1399 3172 Imperatoriae
1426 3118 1611 3169 Majestatis
1639 3122 1788 3158 nimium
1825 3122 1988 3158 omnibus

1884 3181 1985 3218 expo-
