2054 3496
612 136 1181 209 Philosophico-Poiitica.
1687 142 1786 209 149

44 235 119 263 non
134 221 266 272 potest3
277 233 386 271 vapor
399 221 421 257 fi
435 219 559 257 erastus
573 222 704 270 absque
717 223 831 259 ventis
847 223 928 272 cogi
942 233 1016 258 non
1023 224 1156 271 potest,
1170 224 1266 259 unde
1273 232 1313 259 ut
1326 235 1413 271 aqua
1423 222 1657 272 congelascat,
1670 224 1778 260 debet

44 274 174 310 diutius
189 273 224 307 in
239 276 312 307 aere
327 270 492 311 detineri,
506 270 543 306 &
555 271 674 319 agitari
685 272 705 306 a
721 279 826 307 vento
837 294 848 312 ,
861 282 901 307 ut
913 271 1180 309 commisceatur
1197 285 1280 308 cum
1289 273 1565 309 exhalationibus
1578 273 1689 314 liceis,
1699 283 1776 320 quae

0 323 4 343 ·’
45 321 124 358 sunt
138 332 235 368 aquae
251 319 452 368 coagulum.

159 371 284 403 )uaeres
300 369 414 403 tertio·
468 367 558 415 Qae
573 366 734 408 causant,
748 367 846 415 quod
861 367 1136 404 interdum”ante
1153 378 1316 404 exortum
1329 368 1507 417 grandinis
1529 380 1675 417 magnus
1696 369 1774 417 qui·

41 419 123 454 dam
139 417 270 452 sonitus
284 417 451 452 audiatur.
503 415 712 463 Respondeo
728 438 739 456 ,
755 415 828 451 fieri
843 417 916 452 hoc
938 417 994 453 vel
1011 417 1110 458 ideo,
1130 418 1210 465 quia
1223 429 1341 466 pugna
1355 417 1403 453 est
1411 418 1576 453 acerrima
1585 417 1775 453 exhalatio-

39 478 127 503 num
137 466 171 500 in
187 465 337 501 nubibus
347 488 357 504 ,
373 476 448 511 qua:
465 475 649 512 erumpere
665 465 816 500 nitentes
827 465 918 500 varia
927 465 1136 514 agitatione,
1152 476 1255 502 motu
1269 476 1374 513 atque
1388 467 1506 501 attritu
1519 477 1678 501 murmur
1692 477 1777 501 cum

39 516 177 563 fragore
191 514 320 553 edunt,
338 513 421 548 licut
434 524 476 547 ex
492 512 560 547 olla
573 512 788 549 fervescente
803 513 941 560 liquore
956 513 1118 550 stridores
1135 515 1339 550 excitantur.
1390 514 1460 550 Vel
1470 515 1593 555 etiam,
1608 514 1689 562 quia
1701 513 1775 550 col-

38 564 196 600 liduntur
211 560 285 608 jam
301 560 493 610 congelare
504 561 666 610 guttulae,
680 563 766 596 dum
781 560 852 596 aliae
866 562 903 597 in
921 562 1001 598 alias
1020 563 1204 599 incurrunt
1228 563 1264 599 ἃς
1280 563 1490 612 impingunt.

137 611 283 659 Qaeres
299 620 435 658 quarto.
509 610 585 645 Cur
606 609 812 658 grandinem
835 610 871 645 in
885 609 996 646 aestate
1012 610 1098 659 saepe
1111 622 1245 659 magnae
1268 621 1374 660 guttae
1390 610 1554 658 pluviales
1579 611 1782 659 praecedere

42 659 176 696 soleant
190 665 201 698 ξ
219 659 448 707 Respondeo,
465 657 537 693 hoc
547 659 770 706 contingere,
786 659 883 705 quod
893 660 1025 707 priores
1044 660 1202 707 quaedarn
1219 669 1325 707 guttae
1342 661 1388 695 ob
1402 665 1519 695 aerem
1535 671 1608 694 non
1627 661 1712 694 dum
1729 659 1777 695 sa-

37 710 82 744 tis
98 708 334 758 infrigidatum
353 705 530 755 congelari
544 716 723 754 nequeant
736 729 747 747 ,
771 707 937 754 quocirca
953 708 1000 744 ita
1011 707 1184 756 praemiffae
1198 708 1305 744 libere
1320 719 1402 744 cum
1425 708 1595 758 gravitate
1613 707 1669 743 sua
1685 708 1778 743 dela-

39 758 181 795 buntur.

136 805 283 852 Qaeres
296 803 433 852 quinto·
484 802 561 838 Cur
568 803 702 853 grando
710 826 720 843 ,
737 802 820 838 curn
831 802 869 838 sit
884 802 965 841 nive
981 804 1102 840 durior
1110 826 1121 844 ,
1136 803 1284 839 celerius
1293 813 1413 840 tamen
1421 804 1585 853 liquescat
1595 803 1676 840 nive
1685 804 1701 842 ?
1710 803 1774 843 sta-

36 854 100 890 tim
117 856 230 893 euim,
245 863 283 888 ut
298 863 423 887 terram
434 851 589 901 attingit,
607 851 760 901 liquescit
773 853 920 900 grando.
971 852 1182 901 Respondeo
1198 875 1209 892 ,
1225 853 1334 888 varias
1356 851 1460 900 hujus
1477 853 1526 889 rei
1549 854 1590 888 ab
1605 853 1776 888 Authcri-

35 904 100 940 bus
113 903 267 938 rationes
277 900 412 936 adferri.
465 899 601 941 Primo,
619 901 696 948 quia
704 902 838 949 grando
855 912 952 948 aquoe
968 901 1015 936 est
1028 901 1258 950 propinquior
1271 914 1283 946 ς,
1303 901 1350 936 est
1366 903 1459 936 enim
1473 913 1562 949 aqua
1584 911 1773 947 concreta3

34 952 221 988 nixantem
236 961 310 985 non
328 948 366 984 rit
381 949 582 984 immediate
597 951 638 983 ab
647 961 750 997 aqua,
771 948 827 983 sed
843 960 886 984 ex
896 960 1035 997 vapore.
1087 950 1184 984 Cum
1194 962 1279 999 ergo
1297 949 1502 999 nixlongius
1518 950 1600 985 abfit
1614 952 1656 985 ab
1672 962 1770 998 aquae

35 1011 175 1039 natura,
190 1010 294 1047 quam
309 998 464 1045 grando,
487 997 572 1032 nihil
589 998 716 1033 mirum
733 997 798 1037 est,
816 998 966 1033 eandem
978 998 1224 1035 durabiliorem
1241 998 1324 1037 effe,
1341 1000 1445 1046 quam
1454 999 1671 1048 grandinem.
1713 1000 1775 1034 Se-

33 1048 262 1095 cund0‚quia
276 1046 420 1082 calidior
436 1044 484 1080 est
499 1051 574 1086 aer,
590 1058 671 1081 cum
687 1047 869 1095 grandinat
882 1069 892 1086 ,
908 1058 1012 1094 quam
1027 1059 1109 1082 cum
1128 1047 1251 1095 ningit.
1301 1047 1423 1082 Tertio
1438 1070 1448 1088 ,
1471 1047 1551 1094 quia
1564 1046 1679 1095 plures
1694 1046 1771 1083 sunt

34 1098 166 1146 spiritus
180 1095 297 1145 frigidi
310 1095 345 1129 in
362 1095 460 1133 nive,
475 1106 580 1141 quarn
594 1096 628 1129 in
643 1095 811 1142 grandine
825 1118 836 1135 ,
853 1094 969 1143 sicque
985 1096 1043 1143 ipsi
1059 1096 1273 1143 impediunt,
1289 1096 1443 1131 utstatim
1462 1097 1521 1130 nix
1535 1097 1578 1131 ad
1591 1096 1715 1130 statum
1733 1108 1770 1131 a·

33 1157 110 1194 quae
125 1146 256 1183 redeat.
305 1144 461 1191 QartO,
479 1144 523 1178 D.
536 1143 664 1178 Hamel
681 1144 716 1178 in
728 1143 1009 1189 Mereor.l.1,c,3.
1030 1144 1064 1179 id
1079 1154 1222 1192 propter
1243 1144 1347 1192 ipsam
1368 1144 1570 1180 densitatem
1589 1145 1770 1193 grandinis

31 1195 106 1232 fors
123 1193 265 1229 evenire
280 1193 450 1227 existimat
461 1214 472 1231 ,
489 1193 792 1239 quemadmodum
808 1193 920 1234 enim,
933 1193 1046 1240 inquit
1059 1215 1070 1232 ,
1085 1193 1168 1228 libra
1184 1193 1316 1241 plumbi
1340 1193 1441 1228 citius
1456 1216 1466 1233 ,
1482 1204 1586 1240 quam
1599 1193 1712 1240 butyri
1726 1193 1767 1228 li-

30 1242 184 1291 quescit,
198 1241 296 1289 quod
313 1241 370 1276 ubi
385 1251 460 1287 pars
475 1251 545 1275 una
554 1240 706 1275 calorem
721 1242 901 1288 concepit,
916 1241 1024 1276 statim
1041 1243 1298 1290 eumproximae
1312 1242 1571 1282 communicat,
1586 1241 1674 1277 &ita
1683 1252 1768 1289 qua-

32 1293 55 1329 si
70 1303 132 1340 per
148 1300 272 1326 manus
290 1287 449 1325 citiffime
470 1288 565 1324 calor
580 1301 641 1337 per
655 1299 781 1324 omnes
795 1299 907 1337 partes
917 1289 1136 1328 diffunditur.

129 1340 278 1388 Qaeres
295 1338 402 1373 sext0.
453 1338 554 1385 Quid
573 1338 631 1373 libi
649 1337 751 1378 velit,
769 1339 866 1385 quod
881 1339 1058 1387 grandinis
1074 1338 1206 1387 globuli
1220 1337 1446 1375 observentur
1458 1338 1494 1374 in
1509 1339 1628 1374 medio
1637 1339 1767 1375 habere

32 1389 203 1426 nucleum
219 1386 395 1422 subalbum
411 1397 452 1421 ac
467 1386 575 1421 veluti
588 1386 743 1424 niveum.
795 1386 1030 1434 Respondeo:
1047 1388 1096 1422 Ex
1111 1389 1181 1422 hoc
1196 1387 1313 1422 inferri
1329 1410 1339 1427 ,
1356 1389 1454 1435 quod
1471 1398 1552 1423 ante
1566 1389 1767 1435 generatio·
1791 1388 1794 1391 “

31 1449 115 1474 nem
134 1435 310 1486 grandinis
329 1444 517 1484 generetur
534 1435 609 1474 nix,
625 1446 701 1482 quae
710 1434 758 1469 est
767 1434 874 1470 veluti
885 1435 1003 1470 l'emen
1012 1436 1186 1484 grandinis
1196 1449 1207 1481 3
1219 1447 1294 1471 tum
1303 1448 1387 1471 vero
1397 1435 1505 1471 multa
1512 1448 1600 1484 aqua
1615 1437 1764 1472 circum-

33 1487 105 1523 fula
120 1483 336 1524 adhaerescit,
353 1483 388 1518 &
404 1483 626 1532 congelatur,
641 1496 682 1519 ac
688 1484 895 1532 grandinem
911 1483 1057 1532 perficit.
1107 1485 1187 1519 Nec
1202 1485 1330 1521 mirum
1347 1484 1395 1519 est
1412 1508 1423 1525 ,
1450 1486 1564 1520 media
1579 1484 1691 1521 aestate
1705 1497 1764 1521 oe-

33 1534 146 1571 nerari
161 1535 277 1569 nivem
286 1532 319 1567 in
329 1532 478 1568 nubibus
486 1554 496 1572 ,
508 1533 589 1568 cum
607 1531 697 1568 illam
706 1532 887 1568 videamus
902 1533 1090 1581 aliquando
1101 1534 1227 1569 cadere
1237 1534 1271 1568 in
1281 1534 1461 1569 montibus
1477 1533 1511 1569 in
1522 1533 1661 1568 summis
1670 1546 1708 1570 ca
1723 1546 1764 1568 o-

32 1584 146 1623 ribus,
160 1582 197 1618 ὅ(
209 1582 425 1617 credendum
440 1579 504 1620 est,
517 1582 614 1629 quod
624 1580 851 1616 descenderet
871 1582 974 1618 etiam
988 1582 1024 1618 in
1038 1582 1117 1618 loca
1138 1582 1284 1618 humilia
1297 1605 1308 1622 ,
1331 1581 1391 1617 nili
1409 1583 1429 1618 a
1445 1581 1561 1618 calore
1574 1583 1660 1618 a‘e'ris
1681 1584 1718 1618 in
1737 1583 1764 1618 i-

33 1631 94 1680 pso
111 1629 272 1666 delcensu
293 1628 520 1665 resolveretur
533 1630 569 1665 in
583 1641 723 1677 aquam.

134 1679 292 1728 Colliges
307 1678 440 1725 primO,
455 1689 536 1714 curn
553 1678 790 1714 exhalationes
805 1678 1050 1726 ficcoe,quibus
1066 1679 1169 1715 etiam
1186 1678 1321 1714 constat
1334 1679 1469 1728 grando
1483 1702 1493 1719 ,
1509 1678 1641 1715 habent
1654 1679 1763 1716 virtu-

34 1738 106 1764 tem
122 1726 309 1762 adustivam
325 1749 335 1765 ,
352 1737 427 1760 non
442 1725 552 1761 solum
569 1727 774 1775 grandinem
789 1726 961 1777 flagellare
973 1751 983 1768 ,
999 1728 1036 1764 ὅ(
1051 1727 1268 1776 prosternere
1284 1728 1415 1777 segetes
1431 1751 1440 1767 ,
1457 1727 1514 1762 sed
1538 1727 1574 1764 &
1595 1728 1760 1769 adurere,

30 1777 274 1825 quodcunque
287 1775 414 1824 tangit,
430 1774 476 1809 ita
493 1784 531 1809 ut
547 1775 622 1822 post
659 1787 765 1812 aucos
775 1777 847 1811 dies
863 1777 1059 1812 marcescat.
1111 1777 1221 1824 Qod
1238 1776 1258 1811 11
1274 1788 1358 1812 vero
1374 1777 1508 1825 grando
1521 1776 1662 1813 admista
1675 1780 1713 1812 lit
1726 1789 1761 1812 a-

31 1837 109 1873 quae
124 1847 134 1864 ,
148 1824 231 1859 licet
245 1835 320 1858 non
335 1823 449 1858 minus
467 1821 615 1871 flagellet
643 1834 777 1873 egeres,
793 1825 1034 1861 minustamen
1044 1825 1202 1860 adurit&
1217 1824 1429 1863 damnificat.
1482 1825 1582 1860 Ratio
1598 1824 1663 1864 est,
1678 1826 1760 1873 quia

37 1886 125 1920 aqua
141 1871 263 1910 abluit,
278 1884 318 1907 ac
335 1872 483 1919 detergit
499 1872 735 1908 exhalationes
753 1872 921 1922 segetibus
946 1874 1076 1909 noxias.
1118 1874 1214 1908 Hinc
1225 1875 1328 1909 etiam
1345 1873 1522 1922 procedit,
1536 1875 1633 1921 quod
1644 1873 1758 1921 fipau-

30 1922 68 1958 lo
84 1920 159 1969 post
172 1921 377 1970 grandinem
394 1919 554 1956 succedat
566 1920 698 1969 pluvia,
713 1923 848 1970 grando
857 1922 1021 1959 reddatur
1033 1923 1150 1958 minus
1165 1923 1288 1963 noxia,
1305 1933 1387 1958 cum
1401 1922 1518 1971 pluvia
1531 1922 1638 1958 abluit
1653 1924 1758 1958 exha-

31 1970 178 2008 lationes
194 1967 363 2018 legetibus
377 1968 562 2016 pestiferas.
1238 2011 1241 2017 .

130 2017 286 2066 Colliges
300 2017 454 2052 secundo
462 2028 505 2052 ex
514 2017 704 2059 Kirchero,
730 2020 878 2054 modum
893 2017 1108 2055 conficiendi
1120 2019 1325 2068 grandinem
1334 2018 1551 2055 artificiosam
1562 2042 1573 2060 ,
1589 2031 1718 2067 nempe
1733 2019 1756 2056 si

30 2067 70 2103 in
81 2065 322 2105 tholoferreo,
337 2076 375 2101 ut
388 2067 434 2101 de
448 2066 560 2101 modo
575 2066 697 2114 pluv-iae
707 2067 871 2103 faciendae
880 2068 1076 2109 retulimus,
1093 2068 1244 2115 vaporin
1253 2068 1405 2115 piuviam
1419 2068 1615 2110 resolvitur,
1626 2067 1757 2106 &tunc

32 2115 122 2152 infra
135 2114 274 2151 tholum
288 2114 373 2150 folle
386 2114 544 2164 frigidior
557 2124 683 2152 ventus
691 2117 878 2158 excitetur,
893 2116 1045 2164 pluviam
1061 2116 1216 2153 densabit
1230 2117 1266 2152 in
1278 2117 1502 2165 grandinem.

325 2229 916 2296 CONCLUSIO
960 2232 1456 2299 POLITICA.

264 2310 706 2383 inconcussum
724 2312 879 2469 61111ξῖ11
867 2312 1068 2471 {3:31
1069 2314 1150 2469 ad
1170 2314 1552 2412 grandinem

0 2522 2 2575 ἷ
105 2538 252 2574 Abulam
265 2538 303 2575 in
315 2536 444 2575 saecum
465 2546 635 2575 converte
647 2560 658 2578 ,
676 2535 835 2575 Politice.
883 2539 992 2577 Nulla
1003 2540 1175 2578 Minervae
1190 2541 1372 2580 adversitas
1389 2551 1461 2580 erat
1478 2540 1616 2579 adversa
1627 2563 1639 2582 ,
1655 2540 1750 2578 nulla

0 2591 1 2597 ¹
26 2549 285 2655 Fcalamitas
295 2588 499 2623 calamitosa.
549 2588 644 2622 Nam
659 2585 759 2623 scuto'
769 2589 952 2637 tegebatur
966 2590 1155 2626 immortali
1167 2613 1178 2631 ,
1195 2603 1238 2627 ex
1251 2591 1326 2627 fuso
1340 2604 1425 2628 auro
1439 2615 1450 2633 ,
1466 2593 1562 2639 quod
1578 2603 1644 2627 nec
1654 2591 1746 2627 Mar·
1762 2586 1888 2633 Artstid.

110 2636 151 2670 tis
160 2636 293 2671 furores
316 2635 525 2685 infregerant
538 2658 549 2674 ,
570 2646 637 2670 nec
648 2636 784 2672 trisulca
795 2637 893 2684 Jovis
909 2638 1053 2675 fulmina
1065 2649 1340 2688 penetraverant,
1391 2641 1500 2676 Scuto
1518 2639 1562 2676 sat
1575 2639 1687 2676 tetrus
1701 2638 1750 2676 est
1762 2637 1874 2677 Hymn.
1884 2639 1922 2670 ὑ·

27 2687 131 2722 'bono
142 2706 152 2723 ,
169 2684 225 2719 cui
233 2685 368 2719 animus
378 2697 453 2721 non
462 2684 606 2720 vacillat.
657 2683 835 2722 Prostratae
848 2687 985 2723 virtutis
1000 2687 1049 2724 est
1063 2711 1074 2729 ,
1089 2689 1146 2724 cui
1162 2689 1205 2723 ad
1219 2700 1366 2725 omnem
1382 2690 1495 2726 casum
1511 2687 1642 2738 spiritus
1652 2686 1743 2735 jace.
1764 2688 1907 2720 Julinerv.

25 2744 76 2771 at.
125 2732 267 2768 Ferreus
277 2733 313 2768 fit
320 2731 486 2769 Politicus
494 2756 504 2773 ,
520 2732 555 2768 ὅ(
563 2733 606 2767 ad
614 2732 754 2769 messem
763 2736 938 2784 grandinis
946 2735 1181 2773 inconcussus.
1231 2738 1394 2787 Segetem
1402 2737 1501 2774 facile
1509 2737 1592 2786 legit
1600 2738 1745 2787 grando,
1761 2735 1919 2768 Homer-2

32 2782 69 2818 δε
83 2790 164 2818 ante
171 2779 313 2816 messem
330 2781 494 2822 demetit,
510 2781 590 2828 quia
605 2782 756 2818 tremulo
772 2783 891 2820 culmo
907 2784 1063 2831 subfistit3
1078 2796 1113 2821 at
1120 2785 1266 2821 Martius
1280 2787 1416 2822 animus
1426 2786 1532 2822 161010
1541 2788 1750 2823 reverberao
1764 2780 1853 2817 Iliad.

30 2842 100 2867 nec
115 2829 246 2865 demeti
260 2829 318 2865 fibi
334 2839 438 2878 caput
451 2831 688 2878 patitur,‘quia
701 2832 953 2880 impenetrabili
969 2833 1065 2870 scuto
1089 2832 1303 2870 fortitudinis
1318 2835 1424 2871 latera
1439 2835 1564 2871 induit.
1616 2835 1750 2883 Lignea

32 2876 296 2916 cohaerentbase
303 2878 424 2914 vitium
435 2890 600 2928 gemmae,
609 2879 697 2915 facili
705 2882 881 2930 grandinis
895 2883 972 2918 casu
987 2883 1022 2918 in
1036 2892 1163 2918 terram
1171 2883 1342 2919 decidunt
1349 2885 1463 2920 baccae
1479 2897 1490 2929 ;
1504 2884 1582 2932 quia
1595 2883 1750 2919 laureato

31 2927 142 2976 stipite
151 2938 225 2962 non
235 2925 471 2965 sustentantur.
497 2937 531 2963 at
539 2927 657 2963 animo
667 2927 774 2978 Gigas
781 2940 837 2966 tot
844 2930 901 2967 (ibi
915 2942 957 2967 ex
964 2931 1116 2980 glaciatis
1124 2931 1243 2979 lapillis
1256 2932 1388 2981 colligit
1407 2943 1564 2981 gemmas
1573 2955 1582 2972 ,
1599 2941 1753 2979 quotca-

31 2976 120 3012 fibus
131 2975 318 3023 premitur:
333 2975 523 3012 Laureatus
532 2987 574 3013 ex
583 2975 750 3013 conflictu
760 2980 894 3015 recedit
905 3001 916 3020 ,
937 2981 1015 3027 quia
1025 2980 1108 3017 nulli
1117 2979 1195 3015 falci
1207 2981 1365 3027 pervium
1374 2981 1542 3017 lacertum
1552 2981 1649 3027 gerit.
1674 2982 1750 3013 Non

27 3023 158 3073 potestate
179 3034 331 3063 mutatur,
347 3038 404 3057 non
411 3026 556 3058 extollitur
568 3026 719 3072 prosperis,
733 3041 792 3061 non
804 3026 929 3072 trtstihus
943 3034 1095 3077 mergitur.
1147 3026 1264 3064 Meffis
1290 3031 1478 3076 grandinea
1495 3019 1677 3077 i11i²g10riae
1698 3028 1743 3062 se·
1761 3030 1915 3068 Cs'c.l,1.do

31 3072 160 3108 mentis
168 3071 232 3112 est,
242 3072 278 3107 in
286 3072 396 3107 imbre
403 3068 535 3120 glaciali
545 3073 711 3121 spiritibus
720 3075 824 3116 calet,
834 3077 959 3123 quibus
968 3077 1098 3112 ferreos
1115 3071 1327 3114 etiambolbs
1337 3079 1482 3126 digerat.
1533 3076 1745 3125 Inquilinum
1759 3077 1829 3123 offic,

29 3121 296 3170 §orporegestat
303 3121 493 3159 Herculem
502 3121 567 3167 ‚sat
577 3122 688 3161 tetius
703 3123 768 3168 est,
783 3125 922 3173 quihoc
937 3125 1050 3210 ³⁰{⁰¹³
1059 3126 1199 3176 gaudet.
1249 3126 1431 3164 cariosum
1440 3125 1572 3164 teQum
1579 3126 1749 3212 granfdine

1018 3185 1035 3222 3
1673 3185 1748 3213 fast·
