2054 3496
629 171 1192 242 Philosophico—Politica.
1703 192 1759 245 33

54 261 166 297 sonitu
181 257 302 293 mobili
316 267 354 291 ac
368 254 481 302 fugaci
495 255 699 303 percipiunt.
749 257 974 304 Qandoque
995 266 1112 292 tamen
1126 257 1257 292 tonitru
1273 257 1515 293 continuatum
1530 268 1604 293 non
1619 257 1682 298 est,
1698 258 1754 293 sed

53 310 144 345 echo
166 307 327 342 resonans
350 305 384 340 ὅ(
399 302 578 338 reflectens
601 315 642 339 ex
665 304 813 339 nubibus
828 306 938 340 velex
951 305 1111 340 tractibus
1127 315 1223 340 terrae
1249 304 1403 352 subjeffis
1416 328 1426 345 ,
1457 303 1535 352 cuj·¹
1549 317 1555 323 ’
1582 307 1750 342 indicium

51 359 103 397 fit,
113 357 132 391 fi
143 367 215 390 non
224 355 315 388 idern
326 353 426 387 sonus
437 352 570 387 diversis
580 364 621 387 cx
630 352 715 387 locis
729 353 897 391 audietur.
949 354 1104 389 Adverte
1114 354 1414 401 etiam,aliquando
1425 318 1556 388 nullu&
1567 354 1639 389 fieri
1650 357 1751 389 bom-

49 408 132 442 bum
143 415 206 438 nec
217 402 312 436 initio
320 423 330 440 ,
349 402 402 435 led
410 402 544 435 tantum
554 401 726 448 quendam
736 401 924 436 tumultum
934 401 969 436 <Sc
978 401 1162 436 obscurum
1171 413 1345 441 murmur,
1362 413 1446 437 tunc
1456 402 1598 441 scilicet,
1608 404 1748 450 quando

52 452 221 490 exhalatio
230 448 354 496 disjicit
363 449 496 484 tantum
507 451 634 483 nubem
641 472 652 489 ,
661 448 696 483 ὅ(
704 451 971 485 transcurrendo
979 451 1022 485 ad
1030 449 1134 485 latera
1144 448 1216 496 ejus
1227 462 1309 485 cava
1318 451 1518 498 impellitur,
1529 450 1648 486 nullibi
1662 450 1747 486 vero

52 514 127 537 eam
139 499 325 548 perrumpit
335 499 395 536 ita,
410 506 447 531 ut
455 497 633 532 eluctetur.

146 546 408 584 Confirmantur
424 567 434 584 ,
468 545 503 580 ὅ(
518 545 733 580 declarantur
745 545 913 581 Infitenus
933 545 1023 581 dieta
1046 545 1281 585 similitudine,
1303 558 1370 593 qua
1388 546 1586 582 Aristoteles
1603 547 1751 594 explicat

47 598 194 634 modum
202 618 212 635 ‚
221 594 408 633 cauffimve‚
418 594 492 629 Cur
500 604 634 628 tantum
643 594 763 628 sonum
774 593 942 629 exhalatio
954 596 1033 629 edat
1047 617 1057 634 ,
1068 595 1229 629 nimirum
1240 596 1539 641 quemadmodum
1547 598 1627 630 cum
1638 596 1728 643 ligna
1736 618 1748 635 ‚

47 644 295 682 multumsiccae
306 642 530 689 inspirationis
540 642 574 676 in
584 642 749 677 meatibus
760 643 987 681 continentia,
995 653 1158 682 uruntur,
1173 644 1341 690 crepitum
1351 653 1513 683 movent,
1530 643 1749 679 exhalatione

38 696 82 736 jn
91 702 245 741 apertum
255 692 460 739 prodeunte,
469 690 628 738 lignaque
637 690 868 737 disi‘umpente
876 713 886 730 ,
904 691 946 726 sic
955 691 989 725 in
1002 692 1152 726 nubibus
1162 691 1273 726 multo
1284 690 1397 738 spiritu
1413 692 1580 727 faecundis
1593 691 1682 727 {adia
1696 703 1751 727 ea·

45 754 122 779 rum
132 739 330 775 dissectione
338 740 527 774 vehemens
536 738 589 773 ille
599 739 699 773 sonus
707 739 826 774 existit.

141 789 238 823 Idem
247 789 395 822 bombus
406 786 563 834 explicari
573 788 650 834 apte
658 787 769 834 potest
777 786 936 834 exemplo
969 786 1094 822 ulveris
1103 787 1216 822 nitrati
1225 786 1260 822 in
1269 795 1448 822 tormento
1457 785 1582 823 bellico
1600 787 1731 823 accensi
1743 798 1755 833 ;

44 838 128 874 sicut
138 848 240 885 ergo,
257 836 339 871 cum
350 836 493 870 nitratus
503 835 612 882 pulvis
622 836 706 870 intra
723 837 889 870 tormenti
905 837 948 870 be
962 835 1016 871 lici
1030 836 1213 871 cavitatem
1229 835 1411 870 conclusus
1420 859 1429 874 ,
1445 836 1560 883 ignem
1571 837 1725 883 concipit
1738 857 1750 876 ,

44 887 80 922 ὅ(
87 898 124 921 ac
130 883 249 921 census
259 883 367 918 subito
375 906 384 923 ,
393 894 432 918 ac
441 883 692 931 consequenter
700 881 1000 918 vehementiffime
1007 883 1189 919 nimfadius
1200 907 1210 924 ,
1225 894 1264 918 ut
1271 895 1440 930 majorem
1450 884 1569 919 locum
1578 885 1749 932 acquirat,

44 947 86 971 ex
95 942 273 969 tormento
283 932 412 980 ingenti
424 931 555 979 impetu
566 932 724 979 erumpit,
733 942 835 979 atque
845 932 880 966 in
887 932 1041 967 vicinum
1051 931 1086 968 ὃ(
1095 932 1339 968 circumfusum
1350 938 1465 967 aerem
1474 933 1653 968 incurrens
1669 943 1752 968 eum

44 980 177 1029 disjicit,
186 993 224 1016 ac
232 981 360 1028 rumpit
373 1003 384 1020 ,
400 980 510 1027 efique
520 979 736 1020 dissefflone,
757 993 796 1015 ac
806 980 1016 1028 disruptione
1024 982 1193 1016 bombum
1204 980 1486 1029 illumingentem
1503 1004 1513 1020 ,
1541 992 1646 1029 quem
1655 982 1753 1016 audi·-

42 1042 132 1070 muS,
142 1029 282 1068 excitat,
293 1029 338 1063 ita
346 1029 449 1063 etiam
459 1027 693 1063 exhalationes
703 1029 773 1063 vim
783 1028 874 1063 suam
885 1029 919 1064 in
928 1031 1037 1064 nubes
1048 1039 1210 1069 exerunt,
1220 1029 1255 1064 ὅ(
1264 1030 1395 1064 tonitru
1407 1029 1574 1067 efficiunt,

117 1079 205 1114 Rem
213 1081 296 1112 vero
307 1077 351 1111 ita
360 1076 567 1112 rehabere&
576 1077 863 1112 tonitruationem
874 1090 946 1112 non
955 1077 1211 1125 aliunde,quam
1221 1077 1494 1113 exhalationibus
1503 1076 1747 1113 nubeconclu-

42 1127 80 1165 sis
89 1126 238 1166 excitari,
247 1134 453 1174 argumento
464 1125 510 1159 est
519 1125 708 1165 manifesto,
718 1126 813 1172 quod
822 1127 952 1161 tonitru
962 1127 1031 1161 una
1045 1127 1125 1160 anni
1142 1136 1238 1174 parte
1247 1126 1395 1160 maxime
1413 1126 1593 1173 contingat
1611 1125 1646 1161 ὅ(
1662 1127 1696 1160 in
1707 1127 1746 1161 iis

41 1175 271 1222 Regionibus,
281 1174 421 1220 quando
432 1173 466 1209 ὃ(
475 1174 510 1208 in
520 1173 642 1220 quibus
653 1172 827 1220 ejusmodi
836 1175 1032 1221 spirationes
1041 1176 1228 1210 abundant.
1279 1175 1376 1209 Nota
1384 1184 1499 1209 tamen
1508 1197 1518 1214 ,
1535 1186 1606 1209 non
1616 1173 1682 1209 else
1692 1186 1752 1210 ne-

41 1223 217 1261 ceffarium
227 1222 371 1257 accendi
382 1221 567 1269 semper,&
583 1222 756 1270 ignescere
766 1223 1020 1257 exhalationem
1035 1225 1077 1258 ad
1092 1224 1237 1258 tonitru.
1289 1223 1389 1257 Ratio
1407 1222 1471 1261 est,
1487 1224 1564 1269 quia
1573 1223 1615 1257 ad
1626 1223 1750 1258 sonum

41 1272 219 1309 edendum
245 1269 366 1305 sufficit
383 1269 468 1305 idus
483 1271 673 1305 vehemens
684 1271 716 1305 in
727 1282 873 1318 corpore
883 1271 1180 1318 idoneo,quii&tus
1189 1271 1256 1305 sine
1266 1269 1753 1319 conflagrationedaripotest,

40 1322 137 1369 quod
147 1331 187 1354 ex
196 1331 238 1354 eo
248 1328 357 1366 patet,
367 1319 447 1354 cum
457 1330 539 1358 non,
549 1320 684 1365 quoties
695 1321 803 1353 nubes
819 1319 1022 1359 intonuere,
1038 1320 1185 1368 fulgetra
1199 1330 1400 1366 appareant,
1415 1329 1473 1354 aut
1483 1320 1591 1368 ignea:
1605 1320 1754 1355 nubium

37 1369 144 1405 ruinae
154 1368 345 1403 coruscent.
396 1366 621 1401 Haeclicetita
629 1368 660 1401 se
669 1367 827 1405 habeant,
837 1367 872 1402 sit
887 1376 1005 1402 tamen

135 1414 324 1451 Conclufio
333 1415 441 1453 tertia.
490 1414 671 1450 Probabile
681 1414 924 1463 est,aliquando
935 1416 1066 1450 tonitru
1077 1427 1118 1450 ex
1127 1415 1273 1463 ipsarum
1285 1416 1373 1450 inter
1383 1415 1414 1450 se
1423 1414 1567 1450 nubium
1577 1415 1749 1451 concursu

37 1464 226 1502 &illisione
235 1463 306 1498 fieri
314 1464 443 1510 absque
451 1462 709 1498 exhalationum
718 1464 931 1503 interventu,
947 1464 1129 1511 eruptione
1137 1474 1196 1499 aut
1210 1462 1387 1499 conflictu.
1440 1464 1541 1498 Ratio
1552 1464 1614 1504 est,
1626 1465 1645 1499 si
1654 1464 1748 1499 enim

37 1515 147 1550 nubes
160 1536 170 1552 ,
185 1512 425 1559 cnmaSpiritu
435 1511 706 1559 disrumpuntur,
723 1511 845 1547 sonum
857 1513 1023 1551 excitant,
1040 1524 1101 1547 cur
1119 1513 1294 1547 nonidem
1310 1513 1399 1546 inter
1416 1511 1446 1547 se
1463 1524 1592 1561 magno
1613 1513 1746 1560 impetu

39 1561 158 1598 collisit
166 1584 176 1600 ,
191 1561 226 1596 ὃς
235 1559 345 1595 statStae
355 1558 507 1595 efficient
518 1583 528 1599 ,
561 1560 639 1607 quia
650 1572 721 1595 non
736 1562 849 1595 minus
858 1571 943 1608 apta:
953 1561 1079 1596 suntad
1088 1560 1209 1596 sonum
1220 1562 1399 1596 edendum
1407 1562 1516 1598 nubes
1528 1563 1603 1596 dux
1613 1561 1702 1596 inter
1717 1560 1748 1596 se

39 1608 162 1647 collis'ae
175 1632 185 1649 ,
193 1610 295 1656 quam
308 1609 416 1642 nubes
427 1608 462 1643 δε
472 1608 642 1643 exhalatio
653 1620 725 1643 non
734 1608 884 1644 accensa.

133 1658 212 1692 Nec
222 1655 348 1695 obstat,
364 1657 458 1702 quod
467 1656 739 1705 nubesimpafi‘tae
750 1658 927 1692 montibus
944 1657 1066 1692 sonum
1075 1669 1147 1692 non
1157 1658 1278 1697 edant,
1296 1657 1382 1692 ratio
1399 1656 1597 1704 disparitatis
1614 1655 1662 1692 est
1679 1657 1747 1704 pri-

37 1706 97 1744 mo
107 1729 117 1746 ,
131 1706 209 1753 quia
219 1715 512 1751 nonquoeunque
533 1707 643 1740 modo
653 1706 800 1753 impulsae
818 1716 953 1744 tonant,
972 1706 1027 1741 sed
1036 1705 1057 1740 si
1067 1716 1151 1753 aptoe
1161 1706 1222 1741 sint
1231 1705 1428 1752 composita?
1437 1706 1478 1740 ad
1487 1706 1630 1740 Tonum
1644 1711 1751 1741 eden-

36 1757 121 1791 dum
136 1768 146 1799 3
174 1753 256 1788 sicut
265 1765 330 1788 nec
340 1752 459 1787 aversae
471 1754 559 1788 inter
568 1754 598 1788 se
607 1755 825 1794 manus,cum
834 1753 1106 1794 colliduntui·,ita
1115 1767 1279 1803 magnum
1291 1753 1441 1801 plausiim
1451 1755 1579 1793 edunt,
1600 1754 1656 1789 sed
1666 1756 1749 1790 curn

34 1804 147 1852 palma
163 1801 311 1850 palmam
321 1802 478 1849 percutit.
528 1802 711 1843 Secundo,
727 1803 806 1850 quia
815 1814 918 1837 mons
928 1815 1001 1837 uon
1012 1802 1133 1838 scindit
1147 1804 1297 1842 nubem,
1314 1801 1369 1837 sed
1386 1802 1526 1837 sibieam
1536 1803 1751 1838 circumfun-

37 1852 100 1892 dit.

131 1899 275 1946 Qaeres
283 1907 399 1932 tamen
409 1897 661 1946 adhucprimo:
677 1910 719 1933 an
728 1898 830 1934 etiam
841 1901 969 1946 absque
978 1901 1070 1934 nube
1080 1900 1133 1934 edi
1142 1897 1245 1946 possit
1261 1898 1416 1936 tonitru?
1436 1898 1644 1945 Respondeo
1660 1897 1750 1934 affir-

33 1948 170 1987 mative,
180 1945 312 1982 constat
329 1947 398 1981 hoc
409 1958 480 1980 non
491 1959 561 1981 uno
571 1957 749 1986 eventu,ut
758 1948 914 1982 Historia:
925 1947 1194 1982 testantur.Talia
1204 1948 1547 1995 tonitruaaliquzindo
1556 1948 1671 1982 audita
1678 1949 1753 1983 fue-

32 2008 80 2036 re,
89 1996 169 2031 cum
180 2006 282 2030 mons
290 1995 392 2030 AEtna
403 1995 580 2048 ingentem
589 1995 712 2030 adustae
720 2005 830 2031 arente
840 1996 975 2044 copiam
986 1996 1160 2031 eructavit.
1185 1997 1270 2031 Non
1280 1997 1374 2031 enim
1391 1996 1568 2031 verisimile
1577 1996 1641 2035 est,
1651 1996 1686 2031 in
1700 2008 1744 2031 eo

33 2044 211 2084 ti·a&u,ita
220 2049 297 2078 aere
307 2042 648 2082 effervescentemllas
658 2054 742 2079 tunc
757 2044 852 2079 fuisse
877 2046 986 2080 nubes
998 2067 1008 2083 ,
1026 2044 1080 2079 scd
1105 2046 1272 2080 duntaxat
1288 2044 1488 2080 obluctante
1517 2044 1552 2079 ἃ
1568 2056 1697 2093 magno
1714 2044 1747 2080 se

32 2094 162 2139 impetu
175 2091 512 2126 effundenteeterrae
539 2093 692 2127 cavernis
702 2093 796 2128 velut
817 2093 836 2127 ὲ
852 2093 981 2128 bellicis
996 2093 1285 2141 machinisspiritu
1302 2116 1312 2133 o
1345 2092 1594 2140 sulphurcaque
1608 2092 1751 2128 materia

32 2147 147 2176 a'e'rem
159 2138 332 2187 crepuisse.
385 2139 589 2180 Coeterimi,
607 2152 668 2175 cur
678 2140 795 2176 screno
806 2141 980 2176 intertium
989 2141 1082 2176 coelo
1093 2152 1216 2176 tonare
1228 2142 1331 2176 soleat
1342 2164 1352 2180 ,
1361 2141 1448 2176 ratio
1460 2141 1530 2175 dari
1546 2141 1658 2188 potest
1668 2141 1752 2188 saepe

33 2202 74 2225 ex
84 2201 127 2224 eo
144 2212 154 2228 ,
180 2189 233 2224 vel
244 2188 321 2235 quia
329 2189 554 2223 tunctonitru
571 2189 729 2224 invicino
739 2189 776 2224 fit
790 2190 992 2229 horizonte,
1016 2190 1051 2225 ὅ(
1067 2200 1183 2225 tamen
1192 2191 1330 2225 auditur
1347 2191 1382 2224 in
1396 2188 1524 2224 nostro.
1576 2190 1672 2225 Sicut
1688 2191 1751 2225 ob-

31 2236 449 2273 sessfiinAustrinienna
459 2236 573 2285 fragor
581 2247 840 2272 tormentorum
854 2240 990 2273 auditus
1007 2237 1054 2272 est
1079 2240 1121 2272 ad
1136 2237 1272 2273 Leucas
1287 2249 1337 2283 30.
1351 2235 1565 2285 potissimum
1575 2237 1610 2272 in
1621 2238 1753 2273 monti-

31 2288 106 2322 bus.
156 2285 225 2321 Vel
236 2284 314 2332 quia
322 2283 359 2319 fit
366 2284 402 2319 in
410 2293 498 2320 terra
506 2286 726 2333 crepitus,aut
734 2286 768 2320 in
776 2286 939 2321 altissimis
948 2286 1108 2326 nubibus,
1117 2286 1173 2321 sed
1181 2287 1271 2322 adeo
1281 2286 1373 2327 naris,
1392 2295 1430 2321 ut
1439 2296 1615 2334 nequeant
1624 2287 1642 2322 a
1650 2285 1751 2322 nobis

30 2333 173 2371 adverti.

128 2382 274 2430 Qaeres
282 2380 464 2416 Secundo:
481 2392 524 2415 an
535 2381 636 2415 etiam
646 2381 732 2417 intra
741 2392 838 2417 terrae
850 2381 976 2417 viscera
994 2381 1121 2418 dentur
1139 2382 1317 2418 tonitrua?
1343 2381 1553 2430 Respondeo
1570 2379 1744 2418 affirmati-

28 2431 88 2471 ve,
110 2430 156 2466 ita
171 2429 336 2465 testantur
352 2428 481 2463 metalli
495 2427 647 2467 foffores.
699 2431 755 2465 De
770 2430 898 2465 Monte
911 2431 1095 2471 Africano,
1109 2431 1318 2467 Serraleonis
1334 2429 1427 2467 dieto
1438 2454 1448 2471 ,
1465 2431 1634 2471 scribitur,
1649 2440 1743 2467 tanta

27 2479 194 2527 parturire
201 2478 372 2518 tonitrua,
387 2486 426 2512 ut
436 2478 479 2512 ad
487 2488 538 2521 50.
549 2477 700 2513 milliaria
707 2480 900 2515 audiantur.
950 2480 1030 2515 Nec
1038 2490 1113 2514 raro
1124 2480 1197 2515 haec
1207 2479 1321 2528 fulgur
1337 2478 1565 2527 subsequitur,
1580 2479 1624 2514 ita
1636 2480 1739 2527 Joan.

29 2527 483 2566 Schuzelman,minerarum
493 2537 553 2573 per
563 2526 718 2575 Hungar.
727 2526 909 2563 Praefe&us
918 2528 1010 2576 apud
1018 2528 1229 2564 Kircherum
1240 2521 1368 2568 narrat,
1385 2528 1583 2575 priusquam
1592 2526 1626 2562 in
1639 2531 1743 2564 Hern-

22 2575 138 2623 grundt
153 2574 488 2623 spiraculaerupibus
497 2584 613 2609 cavata
621 2574 767 2616 fuissent,
776 2576 965 2624 vaporesin
981 2576 1110 2611 fodinis
1126 2587 1351 2613 coacervatos
1369 2576 1487 2624 saepiiis
1503 2575 1654 2617 lumine,
1668 2588 1740 2624 quo

28 2622 171 2660 fossores
183 2633 338 2663 utuntur,
347 2621 509 2658 accensos
518 2645 528 2661 ,
537 2623 727 2659 maximum
737 2625 909 2673 fragorem
921 2623 1071 2660 edidisse.

131 2672 274 2720 Qaeres
284 2671 405 2706 tertio:
422 2670 575 2706 curcaelo
584 2681 728 2708 tonante
735 2673 856 2708 vinum
866 2673 900 2709 ὃ(
911 2672 1070 2709 cerevisia
1078 2673 1113 2708 in
1121 2673 1215 2709 cellis
1223 2671 1402 2710 turbetur?
1413 2671 1639 2720 Respondem
1656 2683 1737 2708 cau-

28 2719 96 2756 sam
107 2719 172 2754 esse
189 2729 327 2754 motum
344 2719 516 2755 insolitum
531 2743 541 2760 ,
561 2731 665 2767 quem
679 2721 810 2757 tonitru
827 2721 1007 2769 imprimit,
1026 2723 1122 2757 unde
1136 2720 1428 2768 turbaturliquor,
1442 2721 1495 2755 vel
1506 2720 1608 2756 etiam
1619 2722 1665 2756 ob
1674 2733 1739 2756 no-

26 2769 102 2805 xios
111 2767 239 2816 spiritus
249 2767 387 2802 diffusos
398 2768 432 2804 &
442 2768 575 2803 dolium
585 2779 803 2816 penetrantes
811 2770 1039 2805 fermentatur
1046 2782 1088 2805 ex
1096 2770 1335 2805 observatione
1352 2769 1495 2804 Domini
1510 2769 1662 2816 Stoyles,
1673 2770 1733 2816 qui

27 2816 222 2853 cerevisiam
232 2816 422 2851 hermetice
435 2817 471 2851 in
479 2817 567 2852 vitro
577 2816 719 2852 clausam
731 2830 804 2853 non
813 2819 939 2853 turbari
949 2828 1109 2867 expertus
1118 2818 1175 2854 est.
1201 2818 1305 2853 Aliud
1314 2818 1507 2853 remedium
1515 2818 1617 2853 etiam
1627 2819 1733 2854 docet

27 2865 186 2902 adversus
194 2865 284 2899 hanc
292 2865 537 2905 turbationem,
547 2865 583 2901 &
591 2865 829 2907 acestenriam,
839 2868 924 2901 dum
932 2867 989 2906 ait,
998 2867 1166 2902 carbones
1175 2865 1303 2901 fossiles
1311 2866 1345 2901 in
1355 2866 1447 2901 cellis
1455 2865 1616 2901 accensos
1626 2888 1636 2905 ,
1646 2866 1730 2901 cum

28 2923 137 2996 topat,
146 2913 339 2948 cerevisiam
349 2913 598 2961 &corruptione
608 2914 806 2955 defendere,
825 2916 968 2962 eoquod
978 2914 1179 2963 sulphureos
1197 2914 1232 2949 &
1241 2925 1503 2962 corrumpentes
1511 2913 1732 2963 halitusignis

28 2963 65 2996 di
78 2962 183 2997 cutiat
195 2984 206 3001 ,
220 2960 274 2996 vel
283 2962 379 3008 quod
388 2962 598 3005 vimgeorum
611 2963 800 3004 obtundat,
817 2965 902 2999 dum
917 2962 1062 3013 figuram
1076 2963 1245 2999 halituum
1259 2986 1270 3004 ,
1290 2972 1348 2998 aut
1361 2963 1655 3012 magnitudinem,
1670 2971 1730 2998 aut

28 2997 199 3046 tsxturam
215 3018 336 3046 mutat.

127 3058 271 3105 Qaeres
282 3067 420 3104 quarto:
447 3059 659 3094 Curtonitru
669 3059 796 3108 fungos
805 3059 998 3099 saecundet,
1018 3059 1172 3094 &cervae
1181 3068 1316 3107 partum
1330 3058 1557 3107 promoveat?
1577 3057 1731 3106 Respon-

32 3105 100 3142 deo
107 3128 117 3147 ,
124 3107 294 3142 rationem
303 3106 403 3153 primi
415 3106 496 3149 effe,
512 3108 591 3155 quia
599 3107 674 3155 post
682 3108 813 3144 tonitru
821 3108 1026 3156 plerumque
1035 3117 1156 3155 tepens
1164 3130 1174 3149 ,
1192 3108 1228 3145 ὃς
1241 3107 1342 3156 plena
1349 3107 1526 3156 spirituum
1543 3107 1630 3191 agust
1636 3116 1736 3191 Ξςῑωε

1538 3167 1557 3191 a
1587 3167 1633 3191 un
1660 3164 1738 3191 itur·
