2054 3496
626 174 1201 248 Philosophico-Politica.
1717 189 1786 241 131

158 253 349 293 Conclufio
366 260 494 303 quarta.
546 255 693 293 Nebulae
707 256 1096 307 ascendentesingenito
1105 266 1204 293 terrae
1217 255 1333 292 calore
1341 255 1468 304 potius,
1476 255 1581 304 quam
1589 255 1691 291 radiis
1700 255 1784 291 sola-

15 342 17 345 ,
54 304 151 347 ribus
167 305 369 340 excitantur.
424 304 722 352 Maneequidem,
738 305 794 341 vel
806 305 937 353 vesperi
951 306 1067 354 saepius
1081 318 1094 350 3
1107 306 1185 340 raro
1202 305 1271 340 sole
1286 305 1421 340 fervido
1437 313 1562 340 terram
1579 305 1784 343 obducunt,

57 352 168 390 subito
177 354 281 389 etiarn
292 362 407 387 totum
415 353 638 389 horizontem
655 353 852 401 complent,
868 363 973 401 atque
986 366 1029 391 ex
1043 354 1145 392 certis
1159 353 1246 389 locis
1261 362 1465 400 erumpunt,
1484 363 1560 400 quae
1577 353 1695 388 omnia
1708 363 1784 388 non

57 401 188 439 eadunt
200 401 237 436 in
248 411 393 448 vapores
403 401 425 435 a
434 400 515 436 Sole
529 401 701 437 artra&os.
753 402 807 436 Ex
818 401 916 437 dietis
1236 404 1239 406 '

155 447 310 497 Colliges
319 449 449 497 primo:
465 460 507 483 ex
521 449 776 485 humidioribus
794 449 831 485 ὅ(
844 449 1088 486 humilioribus
1102 459 1200 486 terrae
1214 448 1301 484 locis
1311 450 1328 489 ¹,
1343 460 1386 484 ex
1400 447 1600 497 palustribus
1616 448 1652 484 ὃ(
1670 446 1783 484 flumi-

13 497 16 547 ζ
56 498 160 534 nibus
168 497 382 545 frequentius
393 496 428 532 ὅ(
436 495 559 544 majori
574 498 675 546 copia
686 497 955 534 elevarinebulas
964 521 974 538 ,
983 500 1088 546 quam
1098 509 1142 534 ex
1149 498 1239 534 locis
1249 498 1350 533 aridis
1357 520 1367 538 ,
1377 496 1514 533 excelsis
1522 520 1532 538 ,
1544 509 1584 532 ac
1593 505 1783 533 ventorum

56 545 194 584 flatibus
211 545 385 592 expolitis.

155 593 311 643 Colliges
320 592 493 638 secundo;
507 593 650 629 nebulas
665 590 873 642 diffiparivel
881 594 970 630 Solis
981 595 1016 630 in
1025 593 1096 630 illas
1105 594 1239 643 agentis
1248 594 1378 631 virtute
1390 616 1401 635 ,
1417 593 1474 629 vel
1489 602 1677 629 ventorum
1686 591 1782 635 flatu,

56 651 116 680 aut
133 643 237 680 etiam
252 641 440 690 repentinae
465 641 587 690 pluviae
601 641 705 690 lapsu.

155 689 313 739 Colliges
321 691 436 728 tertio.
487 691 583 725 Dum
592 691 695 725 mane
710 690 852 726 fuerunt
868 690 1002 726 nebulae
1016 713 1026 730 ‚
1046 691 1228 726 meridiem
1245 690 1319 725 fieri
1340 689 1541 726 calidiorem
1555 713 1565 730 ,
1588 689 1671 726 licet
1685 690 1782 725 enim

56 738 128 776 illas
137 739 232 776 calor
241 738 329 775 Solis
348 736 550 778 discusserit,
564 744 680 774 aerem
694 740 797 774 etiam
807 736 968 787 diffipatae
975 739 1108 775 faciunt
1122 739 1316 774 densiorem
1326 761 1336 779 ,
1353 738 1448 774 calor
1455 748 1572 774 autem
1581 739 1618 774 in
1633 738 1783 774 denfiori

54 788 199 825 materia
211 797 372 835 receptus
380 808 392 827 ,
405 787 513 835 magis
523 786 570 821 est
579 787 719 822 activus.

153 835 310 884 Colliges
331 845 466 882 quarto.
516 834 656 883 Aliquas
666 834 807 870 nebulas
815 834 951 883 prorsus
961 833 1027 870 effe
1037 846 1180 883 aqueas,
1198 835 1278 870 alias
1286 833 1428 871 viscolas
1441 834 1606 870 &limum
1623 835 1782 882 exquali-

55 892 129 921 tate
142 883 299 931 corporis
312 905 322 924 ,
339 894 381 918 ex
397 894 469 931 quo
484 882 725 923 sublimantur,
738 884 969 932 congenitum
986 885 1129 924 habere,
1145 895 1221 931 quae
1235 885 1276 918 ab
1287 884 1383 931 aquis
1392 884 1665 931 putrescentibus
1675 884 1781 931 exspi-

53 942 149 972 rant,
166 943 204 968 ut
221 931 351 967 dietum
368 931 436 971 est,
452 931 609 968 faetorem
623 933 753 967 habent
765 954 776 972 ,
791 929 979 980 tuffimque
1002 942 1121 968 creant
1133 955 1143 972 ,
1160 932 1196 968 &
1211 933 1323 969 noxiae
1340 931 1436 977 sunt;
1447 933 1543 967 unde
1564 933 1665 967 urbes
1686 932 1781 979 palu-

54 982 155 1017 dibus
171 989 230 1016 aut
243 980 386 1015 lacubus
401 980 512 1014 adlitae
529 981 644 1015 minus
661 980 805 1015 salubres
814 981 997 1016 habentur.
1051 980 1135 1016 Huc
1147 981 1266 1016 referri
1282 981 1427 1028 poterit,
1445 982 1541 1028 quod
1551 980 1727 1015 Gerardus
1737 982 1783 1016 de

52 1030 195 1065 Veerin
204 1028 360 1076 descript.
371 1027 528 1063 secundae
537 1029 683 1078 navigat.
692 1030 807 1064 Batav.
822 1039 1003 1074 ann01595.
1019 1040 1209 1070 memorat,
1219 1030 1304 1064 dum
1315 1028 1435 1068 scribit,
1445 1029 1585 1064 nebulas
1594 1031 1683 1064 adeo
1695 1028 1782 1064 cras-

53 1077 102 1113 sas
114 1100 124 1118 ,
140 1088 246 1124 atque
259 1077 454 1125 ingentium
469 1087 644 1125 guttarum
659 1076 884 1112 terramillam
907 1077 1063 1113 obfidere
1079 1100 1090 1117 ,
1115 1090 1261 1126 quarum
1283 1077 1386 1112 unica
1403 1078 1505 1113 etiam
1526 1077 1598 1112 fere
1619 1089 1782 1113 commu-

52 1137 100 1162 ne
113 1126 292 1174 potorium
312 1126 440 1160 vitrum
456 1127 499 1160 ad
507 1126 729 1161 medietatem
739 1125 881 1173 implere
890 1126 996 1161 valet:
1016 1125 1102 1162 solet
1111 1126 1212 1162 etiarn
1224 1125 1386 1162 nebulosa
1395 1125 1449 1161 illa
1457 1138 1546 1173 aqua
1559 1124 1658 1161 valde
1666 1126 1780 1175 ingra-

53 1184 131 1211 tum
152 1173 310 1209 fittorem
333 1173 503 1212 exhalare.
553 1174 715 1209 Similiter
730 1174 842 1210 scribit
856 1174 968 1214 idem,
989 1177 1073 1210 dum
1090 1173 1109 1208 iz
1122 1177 1260 1209 Samitico
1270 1185 1356 1222 portu
1369 1172 1530 1209 solverint
1555 1197 1566 1214 ,
1586 1184 1658 1209 tam
1673 1173 1780 1210 crassa

53 1222 181 1259 nebula
190 1221 285 1257 fuisse
294 1233 398 1257 naves
409 1221 563 1258 obtectas
571 1245 582 1262 ,
591 1233 629 1257 ut
636 1235 678 1257 ex
688 1235 755 1258 una
763 1222 840 1258 navi
849 1224 892 1258 ad
901 1223 1041 1258 alteram
1048 1246 1059 1263 ,
1068 1234 1143 1271 quae
1159 1224 1273 1271 primo
1289 1223 1346 1259 vix
1354 1224 1397 1258 ad
1408 1223 1526 1271 lapidis
1537 1221 1671 1269 jad'cum
1680 1222 1780 1258 dista-

53 1273 129 1311 bat,
144 1270 336 1319 prospicere
348 1270 569 1318 nequiverint
580 1294 590 1311 ,
607 1272 710 1306 etiam
727 1273 773 1306 ob
783 1271 930 1306 nimium
939 1273 1121 1306 madorem
1132 1272 1233 1307 funes
1249 1272 1409 1307 nauticos
1425 1272 1514 1306 bene
1527 1294 1537 1310 ,
1556 1270 1780 1311 utvolebanr,

52 1319 195 1356 tractare
205 1331 277 1354 non
285 1319 474 1364 valueriqt3
490 1330 534 1354 ne
542 1321 646 1355 etiam
656 1319 729 1367 ipsae
740 1330 843 1354 naves
852 1320 887 1354 in
898 1318 1073 1367 progressu
1083 1321 1118 1355 in
1128 1320 1159 1355 se
1167 1321 1318 1355 invicem
1337 1320 1587 1367 impingerent,
1605 1320 1779 1354 continuo

52 1368 279 1404 buccinarum
288 1390 298 1407 ,
307 1366 541 1414 sclopetorum
550 1378 819 1404 exoneratorum
828 1377 932 1415 atque
940 1378 1199 1404 tormentorum
1208 1368 1429 1417 explosorum
1440 1368 1553 1403 sonitu
1560 1391 1571 1408 ,
1585 1368 1735 1404 invicem
1745 1367 1780 1403 se

53 1428 202 1453 monere
218 1416 414 1453 debuerint.

149 1463 306 1513 Colliges
315 1465 451 1512 quinto,
500 1463 685 1500 Nebulosis
695 1464 911 1512 temporibus
926 1465 1070 1500 miasma
1078 1464 1275 1513 pestiferum
1293 1463 1425 1500 facilIus
1441 1463 1665 1510 transfertur3
1681 1464 1778 1501 unde

50 1521 139 1550 tunc
154 1512 269 1560 plures
284 1512 506 1552 inficiuntur,
521 1513 746 1548 acintereunt
761 1526 772 1558 3
786 1514 827 1548 ab
844 1513 1102 1562 iisigiturpestis
1110 1514 1431 1561 temporemaxime
1440 1515 1648 1548 cavendum.

152 1560 306 1609 Colliges
316 1561 421 1599 sexto,
472 1561 646 1596 Nebulofii
654 1571 814 1609 tempora
829 1561 905 1596 sunt
921 1562 1044 1597 serenis
1059 1562 1222 1597 calidiora
1236 1562 1375 1597 coeteris
1398 1563 1526 1608 partius
1547 1585 1557 1601 ,
1594 1561 1681 1596 ratio
1709 1560 1777 1603 est,

54 1609 135 1657 quia
150 1609 266 1645 serena
281 1619 439 1658 tempora
454 1608 530 1645 sunt
546 1609 822 1645 exhalationibus
835 1611 945 1659 magis
960 1611 1112 1659 expertia
1125 1623 1137 1656 3
1150 1609 1315 1646 nebulosa
1327 1621 1413 1646 vero
1428 1610 1506 1645 sunt
1524 1609 1627 1658 plena
1641 1610 1777 1646 exhala-

53 1659 207 1694 tionibus
216 1680 225 1697 ,
240 1668 316 1704 quae
325 1657 383 1693 suo
394 1658 507 1693 calore
515 1663 629 1693 aerem
641 1657 858 1697 calefaciunt.
1245 1688 1247 1691 ⁴

151 1706 307 1754 Colliges
317 1705 473 1753 septimo.
523 1705 670 1742 Nebulae
679 1707 851 1742 Autumni
859 1716 1019 1755 tempore
1029 1707 1062 1742 in
1072 1707 1124 1743 his
1131 1707 1332 1756 regionibus
1342 1706 1463 1742 nostris
1475 1706 1551 1743 sunt
1558 1706 1775 1755 frequentio-

50 1765 105 1791 res
114 1776 125 1795 ,
134 1755 231 1802 quod
240 1764 329 1790 terra
342 1764 426 1789 tunc
435 1753 565 1790 facilius
575 1754 611 1790 δε
629 1756 766 1790 uberii1s
774 1766 951 1803 evaporet.
1005 1757 1093 1804 Qae
1102 1767 1186 1791 vero
1195 1767 1304 1791 verno
1320 1766 1481 1803 tempore
1489 1779 1499 1797 ,
1514 1756 1696 1804 postquam
1705 1766 1776 1791 ter-

52 1813 89 1839 ta
104 1803 163 1838 diu
177 1802 256 1849 gelu
271 1802 793 1851 constriciaruit,acinprimisin
801 1804 930 1839 Martio
940 1805 1063 1839 contin
1091 1814 1154 1839 unt
1169 1827 1179 1844 ,
1197 1804 1434 1840 insalubriores
1451 1807 1644 1841 cenlentur.

151 1850 309 1900 Colliges
316 1850 452 1886 οᾶιινο.
503 1851 661 1891 Nebulae,
671 1863 746 1900 quae
757 1853 955 1887 immediate
964 1852 1039 1899 post
1047 1817 1198 1900 psuviam
1209 1853 1382 1888 interdurn
1398 1854 1417 1888 e
1425 1854 1605 1889 montibus
1621 1853 1775 1902 surgunt,

49 1898 142 1935 fiunt
151 1911 192 1935 ex
206 1899 244 1933 iis
253 1901 439 1947 vaporibus
457 1899 548 1935 siccis
556 1923 566 1938 ,
575 1911 662 1947 quos
673 1900 787 1948 pluvia
796 1913 856 1949 per
864 1902 966 1936 inane
975 1912 1132 1949 repertos
1147 1900 1205 1935 suo
1216 1901 1306 1948 lapsu
1323 1899 1501 1948 depreffit,
1518 1901 1563 1937 illi
1575 1913 1657 1937 vero
1666 1924 1676 1942 ,
1694 1903 1775 1949 quia

51 1950 99 1984 ob
113 1948 300 1983 siccitatem
311 1947 401 1983 suam
411 1948 446 1983 in
455 1959 558 1995 aquas
574 1948 696 1983 resolvi
713 1961 786 1984 non
800 1949 938 1997 poffunt
951 1972 961 1989 ,
974 1951 1085 1984 rursus
1099 1948 1238 1985 levitate
1254 1949 1307 1984 lua
1322 1950 1358 1984 in
1372 1950 1515 1985 sublime
1530 1951 1775 1991 contendunt,

50 1996 188 2036 locum,
203 1997 298 2031 unde
307 1996 388 2044 pulli
407 1997 504 2037 lunt,
524 1997 712 2045 repetituri.

152 2045 307 2093 Colliges
316 2056 425 2080 nono.
476 2044 632 2080 Nebulas
641 2055 765 2081 terram
773 2045 969 2081 faecundare
985 2069 995 2082 ,
1013 2046 1091 2093 quia
1102 2044 1176 2082 sunt
1185 2046 1375 2082 faeculentae
1391 2045 1427 2082 ὅ(
1437 2045 1558 2087 crastin
1568 2056 1671 2094 atque
1680 2047 1773 2082 adeo

49 2094 95 2130 ad
103 2093 372 2129 {mundandum
381 2103 466 2141 aptae
481 2105 493 2138 ς
506 2094 684 2129 frumento
694 2104 811 2129 tamen
829 2094 864 2131 ἀ
880 2093 1046 2130 fruCtibus
1055 2096 1214 2134 maturis,
1229 2095 1282 2129 vel
1295 2094 1496 2142 propinquis
1504 2096 1690 2131 maturitati
1706 2107 1772 2130 no-

50 2142 115 2178 xiae
125 2141 202 2177 sunt
215 2164 225 2182 ,
242 2142 322 2189 quia
330 2154 410 2177 cum
421 2142 483 2177 fint
500 2152 620 2178 terreae
630 2142 664 2178 ὅ(
675 2141 749 2178 satis
766 2142 858 2179 ficcae
868 2166 879 2183 ,
894 2143 1062 2192 exsugunt
1076 2144 1262 2178 humorem
1274 2143 1678 2180 fi·umenti&fru&uum.
1706 2144 1773 2178 Re.

51 2190 120 2226 sert
136 2199 254 2226 tamen
268 2189 437 2238 Josephus
453 2191 472 2225 a
488 2190 593 2226 Costa
610 2190 665 2229 lib.
682 2203 705 2236 3.
723 2203 752 2226 c.
767 2203 810 2227 21.
836 2192 894 2226 ubi
910 2191 1137 2227 aPeruvianis
1153 2191 1332 2226 montibus
1345 2195 1465 2236 Ariqua
1477 2215 1487 2231 ,
1502 2193 1539 2227 (J
1553 2196 1720 2239 Arequiepa
1737 2193 1774 2227 in

51 2238 166 2286 campi
182 2238 359 2287 planitiem
374 2239 609 2279 descenditur,
620 2237 693 2285 jam
702 2240 719 2274 a
728 2239 836 2288 longe
844 2239 909 2275 sese
917 2240 1009 2275 cons
1026 2239 1117 2275 eecui
1130 2239 1285 2275 offerunt
1293 2242 1365 2274 duo
1379 2239 1503 2280 colles,
1518 2252 1670 2288 quorum
1682 2251 1772 2276 unus

49 2287 160 2323 altero
169 2287 271 2334 paulo
281 2286 396 2326 altior,
414 2286 538 2322 clarior
550 2287 749 2323 &lucidior
766 2298 962 2336 comparet,
979 2300 997 2323 a
1013 2298 1064 2322 ter
1079 2299 1163 2323 vero
1179 2288 1294 2335 priore
1318 2285 1491 2323 demissior
1502 2311 1513 2328 ‚
1528 2289 1563 2324 &
1580 2288 1771 2330 obscurior.

49 2334 148 2371 Solet
164 2335 221 2370 hic
240 2334 366 2370 nebula
381 2335 496 2370 rorida
507 2337 606 2380 (cum
622 2335 722 2371 nullae
731 2336 778 2370 ibi
793 2336 956 2371 decidant
963 2336 1110 2384 pluviae)
1124 2348 1269 2371 omnem
1286 2336 1493 2384 irrigationis
1535 2336 1665 2372 luvialis
1674 2338 1769 2372 dese-

50 2383 148 2420 &um
157 2383 397 2432 compensare,
414 2382 559 2431 satisque
567 2384 652 2419 mire
667 2385 878 2420 conducere.
928 2385 1058 2420 Etlicet
1067 2385 1168 2419 etiam
1183 2386 1219 2419 in
1237 2397 1275 2420 ea
1284 2385 1428 2433 regione
1445 2349 1659 2432 profluentes
1672 2397 1771 2433 aquae

49 2443 112 2481 per
127 2443 273 2480 campos
287 2433 504 2467 deducantur
513 2454 523 2471 ,
538 2443 595 2467 ros
604 2442 721 2467 tamen
736 2433 772 2468 ὅ(
781 2431 966 2468 nebulosus
974 2438 1032 2468 ae'r
1042 2433 1151 2481 magis
1165 2433 1642 2480 conferuntherbis,plantis,
1655 2433 1771 2469 &fru-

51 2481 172 2530 gibus3
188 2480 227 2515 iis
244 2480 336 2515 enim
352 2491 563 2528 quacunque
577 2481 622 2516 de
635 2479 734 2516 causa
749 2481 922 2529 impeditis
936 2482 1006 2530 agri
1021 2483 1169 2517 omnino
1185 2481 1395 2517 sterilescunt
1409 2494 1420 2527 ;
1438 2484 1535 2517 unde
1550 2481 1692 2531 colliges
1707 2483 1771 2518 has

51 2528 195 2565 nebulas
211 2540 284 2563 non
295 2527 362 2564 esse
376 2539 502 2563 terreas
520 2529 556 2566 &
570 2528 689 2569 siccas,
708 2529 763 2564 led
771 2528 905 2577 prorsus
914 2541 1053 2577 aqueas.

0 2611 2 2618 ,
147 2577 310 2626 Qaeres,
327 2588 413 2612 num
423 2577 556 2612 nebulae
573 2577 676 2612 etiam
685 2576 891 2626 tempestatis
905 2579 1038 2613 indices
1054 2577 1116 2614 lint
1131 2577 1147 2617 ξ
1171 2578 1400 2627 Respondeo,
1417 2578 1453 2613 in
1475 2578 1641 2626 aliquibus
1663 2577 1769 2619 locis,

0 2646 4 2674 3
52 2623 237 2674 praesertim
250 2625 270 2660 si
285 2628 305 2660 e
321 2626 498 2660 montium
506 2623 599 2674 jugis
609 2625 660 2660 sur
685 2637 767 2666 unt,
785 2637 840 2661 eas
849 2627 972 2661 omnio
981 2626 1114 2676 siguum
1123 2626 1189 2662 effe
1198 2625 1408 2675 tempestatis
1423 2627 1667 2673 impendenti-s.
1718 2628 1769 2662 Ita

2 2696 5 2724 3
52 2675 89 2709 in
96 2673 215 2710 Galliae
226 2673 436 2721 Delphinatu
452 2675 546 2708 haud
560 2685 668 2722 procu
688 2675 730 2708 ad
738 2675 824 2710 urbe
831 2677 943 2709 Vienna
956 2674 1042 2710 altus
1051 2676 1186 2723 exurgit
1195 2687 1314 2715 mons,
1323 2676 1357 2710 in
1367 2673 1464 2721 cujus
1471 2675 1604 2711 vertice
1610 2676 1769 2724 stagnum

2 2751 3 2770 3
52 2721 100 2757 est
107 2733 194 2770 aqua
202 2721 390 2770 repletum,
408 2723 501 2757 unde
511 2722 862 2770 omnestempestates
879 2723 966 2759 illius
975 2724 1126 2772 regionis
1138 2725 1309 2772 originem
1320 2724 1456 2758 trahere
1468 2724 1662 2760 censentur.
1672 2724 1769 2760 Cum

1 2783 3 2800 2
51 2771 147 2806 enim
163 2769 347 2805 nebulosus
356 2771 496 2817 quidam
503 2781 613 2818 vapor
626 2771 709 2806 inde
723 2780 865 2808 notatur
872 2772 1056 2809 ascendere
1066 2784 1171 2818 3m0x
1179 2771 1417 2820 tempestatem
1427 2771 1574 2809 validam
1585 2784 1667 2809 cum
1676 2773 1769 2808 toni-

2 2823 3 2851 ]
49 2819 134 2855 truis
151 2817 187 2855 ὅ(
200 2818 403 2862 fulminibus
411 2817 595 2855 affuturam
605 2816 800 2867 conjicitur.

986 3052 1100 3118 Ra
1532 3025 1773 3117 CON-
