2054 3496
710 198 1073 271 Philosophico-
1082 201 1287 253 Politica
1779 217 1867 271 291

640 315 1161 401 QuAEs'rio
1258 316 1384 382 XII.

524 422 602 472 De
616 425 807 471 Stanno
821 461 834 484 ,
863 418 1060 472 Plumbo
1072 458 1089 477 ,
1113 422 1183 483 ζῇ*
1206 419 1481 483 orichalco,

128 498 258 639 C
268 510 437 547 Onclusio
447 511 566 558 prima.
618 508 748 547 Stannu
755 524 787 546 m
799 512 846 547 est
856 511 1034 548 metallum
1051 513 1188 553 album,
1205 524 1247 548 ex
1256 513 1368 549 multo
1378 526 1491 562 neque
1503 515 1548 550 ita
1560 526 1647 563 puro
1654 527 1800 564 argento
1814 519 1863 554 vi-

265 572 310 593 vo
323 582 333 598 ,
350 559 559 594 extrinlecus
570 559 648 594 albo
657 582 667 598 ,
677 561 878 599 intrinlecus
887 569 1004 596 autem
1023 563 1133 596 rubeo
1144 584 1152 602 ‚
1162 561 1198 597 ὃ(
1207 573 1248 597 ex
1259 562 1417 609 sulphure
1428 564 1578 610 impurO,
1587 575 1659 599 non
1668 566 1758 600 bene
1767 567 1862 615 elige-

270 608 320 642 sto
331 609 500 655 genitum.
552 606 620 654 Alij
637 618 767 644 vocant
785 608 965 648 metallum
977 610 1153 650 medium,
1170 620 1354 658 argentum
1371 611 1460 646 inter
1476 611 1511 647 ὅ(
1527 612 1727 659 plumbum,
1742 625 1860 662 quate-

123 669 189 692 nus
201 656 393 692 concrescit
417 657 506 690 exiis
524 654 760 696 miffiibssibus,
777 654 928 704 quorum
943 669 1019 705 pars
1038 659 1174 706 purior,
1190 659 1211 693 si
1227 658 1478 699 secerneretur,
1493 661 1646 696 abiretin
1657 672 1857 709 argentum,

117 703 262 742 ,crailior
282 716 366 740 vero
379 704 411 738 in
423 704 623 750 plumbum,
638 706 732 740 unde
741 705 917 740 metallum
938 706 1086 753 spurium
1098 706 1145 742 est
1154 706 1611 756 exgeminimetallisemine
1620 712 1865 757 progenitum:

122 754 203 801 quia
221 764 339 788 tamen
355 752 432 800 plus
447 755 490 788 tle
506 752 650 800 plumbo
666 753 980 802 participiat,quam
996 755 1039 789 de
1050 765 1214 804 argente,
1228 755 1416 803 appellatur
1431 757 1472 792 ab
1489 756 1560 791 aliis
1579 756 1760 804 plumbum
1776 771 1856 795 can-

121 802 255 837 didum.

219 848 410 887 Conclusio
421 848 581 884 secunda.
631 849 744 885 Variae
754 847 858 896 hujus
868 850 1095 898 proprietates
1107 850 1193 886 sunt.
1244 849 1471 888 Leviffimum
1482 852 1529 887 est
1539 853 1758 890 metallorum
1770 866 1850 903 pro-

116 899 298 947 pterlaxos
307 909 431 946 poros,
450 897 503 933 vel
516 906 554 932 ut
563 897 740 933 nonnullis
752 898 883 946 placet,
901 898 1194 946 propterhalitum
1212 899 1338 935 siccum
1357 900 1623 948 &sulphureum
1642 902 1724 938 inibi
1739 904 1854 939 domi-

116 957 280 987 nantem,
296 948 343 981 ob
359 958 464 994 quam
481 947 651 981 rationem
672 946 775 982 etiam
796 946 955 982 stridulus
972 947 1074 982 sonus
1089 949 1170 983 oriri
1186 949 1349 984 creditur.
1400 949 1582 985 Tenuibus
1598 952 1750 997 parribus
1765 964 1851 988 con-

114 995 194 1036 stat,
212 1005 249 1031 ut
256 995 355 1030 facile
365 1007 526 1044 magnam
536 994 666 1029 molem
675 995 749 1029 aeris
758 996 930 1043 pervagari
940 995 1070 1043 postet3
1086 998 1180 1031 unde
1189 996 1243 1036 fit,
1260 1007 1298 1032 ut
1308 997 1431 1046 exigua
1440 999 1633 1033 admodum
1645 1011 1718 1046 pars
1727 1001 1782 1035 seri
1790 1003 1850 1036 ad-

112 1045 241 1084 mixta,
256 1044 374 1079 album
384 1044 527 1078 inducat
536 1042 704 1078 colorem.
757 1043 853 1079 Hinc
869 1046 993 1091 pariter
1009 1046 1142 1091 optime
1151 1046 1355 1081 ferruminat
1372 1045 1527 1085 metalla,
1539 1047 1618 1094 quia
1636 1049 1722 1083 subit
1738 1049 1773 1083 in
1791 1061 1851 1084 eo-

112 1104 191 1128 rum
205 1103 323 1141 poros.
374 1094 430 1127 Ab
440 1103 505 1126 aere
515 1091 705 1140 aeruginem
717 1092 879 1139 prohibet
887 1092 1003 1128 claufis
1019 1092 1091 1140 ejus
1102 1094 1216 1141 poris3
1231 1094 1374 1141 &quod
1392 1094 1594 1134 mirabilius,
1611 1095 1684 1132 vasa
1701 1108 1796 1133 aenea
1812 1097 1849 1133 li-

111 1151 169 1177 cet
179 1141 327 1176 maxima
336 1163 346 1180 ,
361 1139 383 1175 fi
392 1140 514 1175 stanno
525 1141 762 1180 obducantur,
780 1152 853 1175 non
863 1142 970 1190 magis
980 1143 1176 1188 ponderant
1184 1165 1194 1182 ,
1203 1144 1306 1190 quam
1320 1143 1387 1178 line
1396 1142 1516 1182 stanno
1526 1144 1631 1183 ,ratio
1649 1155 1765 1180 autem
1781 1147 1847 1181 hu-

105 1187 165 1236 jus
175 1191 245 1224 dari
257 1188 370 1237 potest
378 1211 388 1230 ,
399 1189 479 1236 quia
488 1189 696 1224 tantundem
704 1189 863 1224 humoris
873 1201 915 1224 ex
924 1191 1015 1237 poris
1026 1190 1220 1225 extruditur
1229 1213 1238 1230 ,
1259 1201 1427 1238 quantum
1438 1191 1545 1226 stanni
1556 1192 1751 1228 intruditur.
1775 1194 1846 1230 Ha-

108 1239 169 1274 bet
183 1238 218 1274 &
228 1238 423 1284 illud,quod
431 1238 565 1272 cacabis
577 1237 683 1276 aereis,
693 1237 727 1271 in
739 1237 898 1273 ciborum
908 1237 1085 1274 coslurarn
1097 1239 1517 1279 adhibentlis,illitum,eos
1525 1241 1566 1275 ab
1577 1240 1655 1289 igne
1666 1242 1844 1283 defendat,

106 1286 190 1322 licet
201 1288 294 1322 enim
304 1286 377 1321 atris
395 1287 546 1333 ferrique
559 1295 680 1320 natura
691 1283 865 1321 durissima
873 1309 883 1326 ,
899 1286 999 1321 solius
1009 1298 1125 1322 tamen
1134 1285 1241 1322 stanni
1255 1288 1375 1323 vicinia
1385 1289 1639 1328 defenduntur,
1650 1301 1694 1324 ne
1708 1291 1776 1338 igni
1788 1303 1844 1327 ce-

107 1336 211 1380 dant3
229 1347 308 1370 nam
326 1345 460 1369 meatus
470 1333 627 1369 occludit
640 1334 748 1381 igneis
759 1335 943 1381 particulis.
995 1335 1066 1370 Nili
1083 1346 1199 1371 tamen
1215 1336 1360 1384 plumbo
1377 1336 1619 1376 admilceatur,
1635 1337 1759 1373 nullius
1776 1341 1841 1375 erit

105 1384 179 1418 usui
194 1407 203 1424 ,
221 1385 403 1431 plumbum
416 1383 508 1418 enirn
526 1383 677 1417 humore
694 1382 753 1417 suo
763 1382 869 1418 stanni
888 1383 1073 1420 liccitatem
1096 1394 1277 1432 temperat.
1329 1385 1471 1432 Spiritus
1490 1385 1569 1420 nitri
1583 1385 1703 1421 stanno
1715 1387 1842 1424 infusus

103 1431 444 1467 venementissimam
463 1430 498 1466 ὅ(
516 1430 658 1465 subitam
671 1441 764 1465 creat
772 1431 1029 1471 ebullitionem,
1047 1442 1084 1467 ut
1101 1432 1257 1469 stannum
1271 1434 1375 1468 carbo
1390 1434 1558 1472 videatur.
1611 1433 1757 1471 Gravius
1773 1437 1841 1472 cal-

90 1481 260 1517 cinarum
276 1480 339 1519 est,
358 1491 464 1527 quam
474 1490 549 1513 non
557 1479 763 1515 calcinatum
772 1490 915 1527 propter
930 1491 1109 1515 extraneas
1123 1483 1331 1516 accedentes
1348 1482 1687 1530 particulas,multus
1698 1485 1790 1519 enim
1802 1485 1838 1520 il-

105 1529 128 1564 li
139 1529 430 1567 humor-accedit,
441 1530 535 1563 unde
544 1527 685 1562 tandem
695 1527 729 1562 in
740 1527 922 1575 plumbum
933 1541 993 1576 per
1003 1528 1268 1564 calcinationem
1280 1531 1486 1579 degenerat,
1497 1531 1641 1577 plumbo
1653 1533 1745 1567 enim
1760 1533 1837 1581 plus

99 1579 261 1613 humoris
277 1576 379 1615 inest,
394 1588 454 1624 per
463 1587 568 1623 quem
584 1576 724 1622 pondus
749 1575 880 1615 crescit.
930 1577 1168 1613 Britannicum
1184 1577 1397 1613 Germanico
1418 1579 1602 1626 perse-&ius
1619 1579 1666 1615 est
1677 1603 1688 1621 ,
1713 1591 1837 1629 utpote

86 1626 240 1665 durius,
254 1625 394 1672 longius
413 1625 533 1659 enima
548 1623 694 1670 plumbo
706 1625 848 1660 recedit.

203 1670 349 1721 Qjaeres
365 1673 491 1720 primo,
542 1673 617 1708 Cur
636 1684 815 1720 nunquam
825 1673 1020 1722 rubiginem
1031 1674 1234 1709 contrahat?
1251 1674 1348 1723 Resp.
1369 1676 1556 1710 Rationem
1574 1675 1657 1716 effe,
1672 1678 1751 1724 quia
1768 1678 1834 1714 hac

98 1731 138 1759 ut
154 1722 370 1762 inficeretur,
388 1721 463 1769 plus
473 1722 516 1756 de
526 1721 605 1769 igne
622 1721 759 1756 interno
770 1722 1020 1769 requireretur,
1037 1724 1162 1772 rubigo
1173 1723 1266 1758 enim
1277 1724 1371 1759 velut
1388 1724 1497 1773 fuligo
1514 1725 1577 1765 est,
1596 1737 1670 1773 quae
1680 1726 1832 1762 multum

97 1772 217 1820 ignem
230 1771 407 1818 supponit,
424 1780 461 1805 ut
478 1770 584 1805 docet
592 1773 625 1806 Ρ.
633 1772 805 1803 Honoratus
822 1769 914 1803 Fabri
926 1773 1009 1805 trat'l.
1021 1770 1325 1809 7,l1·b.2.demetall1·s.

198 1821 344 1866 Quaeres
367 1819 531 1855 secundo.
586 1818 704 1864 Quam
720 1816 925 1853 affinitatem·
948 1830 1030 1854 cum
1059 1820 1196 1867 reliquis
1211 1820 1361 1855 metallis
1379 1821 1504 1855 habeat
1518 1821 1530 1855 ἓ
1560 1821 1657 1868 Resp.
1681 1823 1831 1860 mixtum

94 1869 242 1905 metallis
254 1880 293 1904 es.
310 1867 596 1916 tragiliareddere
606 1877 648 1902 ex
667 1866 868 1906 ductilibus,
885 1869 963 1915 quia
979 1868 1361 1909 intermiscetureorum
1372 1870 1563 1917 particulis,
1579 1882 1661 1916 quas
1678 1874 1827 1918 proinde

93 1919 247 1954 minores
261 1917 386 1953 reddit.
436 1915 598 1950 Similiter
612 1914 758 1950 affusum
775 1915 919 1950 metallis
935 1915 1091 1964 liquidis,
1107 1917 1360 1965 immixtisque,
1375 1918 1428 1952 illa
1444 1920 1588 1965 separat,
1606 1930 1643 1954 ut
1658 1919 1714 1954 libi
1734 1920 1821 1956 leor-

93 1966 152 2002 {im
163 1964 375 2014 conjungat,
391 1964 490 2012 quod
498 1963 610 1999 rursus
628 1964 746 1999 referri
761 1963 873 2012 potest
887 1965 921 2000 in
934 1965 1163 2012 aptitudinem
1172 1965 1300 2006 stanni,
1314 1976 1351 2001 ut
1361 1967 1616 2014 inreliquorum
1625 1980 1731 2015 poros
1743 1969 1817 2005 sub-

93 2025 160 2053 eat.

192 2061 383 2098 Conclusio
396 2061 506 2099 tertia.
555 2060 742 2096 Plumbum
754 2059 800 2095 est
809 2060 985 2096 metallum
995 2062 1011 2096 a
1022 2061 1172 2109 plurimo
1188 2061 1293 2097 crasso
1310 2063 1344 2098 ὅ(
1354 2064 1469 2098 minus
1478 2075 1566 2110 puro
1578 2074 1721 2113 argento
1730 2066 1822 2107 vivo,

94 2111 130 2147 ὅ(
149 2110 511 2159 paucior-eioeculento
522 2108 734 2145 &adurente
744 2109 903 2156 sulphure
921 2120 1152 2156 procreatum.
1206 2111 1448 2148 Undemultus
1459 2111 1503 2146 illi
1518 2113 1649 2148 humor
1665 2113 1698 2149 ὅ(
1712 2114 1822 2162 super-

90 2159 202 2195 fluum
221 2160 384 2207 phlegma
402 2158 486 2193 inest
500 2181 510 2197 ,
526 2157 705 2205 multaque
727 2168 814 2193 terra
831 2157 974 2193 constat.
1026 2159 1105 2206 Ipsze
1129 2159 1244 2194 scoria:
1262 2160 1297 2195 ὅ(
1314 2161 1413 2196 faeces
1428 2183 1437 2200 ,
1463 2162 1829 2209 quae'relinquuntur,

88 2211 232 2256 quaudo
245 2201 411 2255 liquatur,
423 2206 467 2241 sat
477 2207 822 2256 arguuntmaximum
834 2204 935 2253 hujus
946 2208 1289 2244 metallicruditatem
1300 2231 1309 2248 ,
1319 2209 1353 2244 ὅ(
1366 2209 1600 2257 imper-teclam
1613 2210 1818 2247 concoctio-

88 2269 184 2293 nem.
235 2257 340 2292 Unde
352 2256 456 2295 etiam
473 2267 547 2290 non
558 2255 694 2290 sustinet
705 2255 823 2303 ignem
833 2266 870 2290 ut
881 2268 1001 2290 aurum
1012 2279 1021 2295 ,
1041 2255 1094 2291 sed
1106 2256 1267 2292 facillime
1283 2258 1328 2292 ob
1340 2257 1489 2293 multum
1509 2259 1611 2293 etiam
1627 2259 1816 2295 humorem

86 2304 262 2353 liquescit,
280 2305 315 2340 ὅ(
324 2305 364 2339 ab
375 2305 455 2351 igne
464 2304 681 2351 absumptum
692 2326 701 2342 ,
717 2303 736 2338 li
749 2304 875 2338 diutius
884 2304 918 2338 in
926 2316 970 2339 eo
981 2314 1135 2345 maneat,
1152 2306 1185 2340 in
1196 2306 1327 2341 cineres
1337 2306 1522 2354 redigitur3
1537 2319 1643 2353 quare
1653 2308 1814 2343 omnium

87 2353 314 2390 Metallorum
324 2344 560 2388 molliilimum
576 2351 633 2387 est.
683 2350 875 2398 Majoribus
892 2352 1024 2388 constat
1037 2354 1149 2400 poris,
1166 2365 1254 2400 quos
1266 2354 1285 2388 fi
1301 2360 1358 2389 :ier
1374 2366 1578 2401 occuparet,
1595 2355 1629 2391 ἃ
1641 2368 1714 2391 non
1728 2352 1813 2391 cras-

86 2403 139 2438 sus
156 2404 302 2442 humor,
319 2403 409 2436 soret
424 2401 640 2436 leviiiimum.
689 2400 836 2448 Propter
853 2399 953 2436 suum
971 2403 1157 2437 humorem
1168 2403 1298 2450 frigidae
1307 2403 1354 2437 est
1364 2403 1399 2438 ὅ(
1409 2403 1646 2451 adstringentis
1658 2414 1785 2440 naturae
1797 2429 1808 2446 ,

84 2453 181 2487 unde
197 2450 493 2498 superimpoiitum
510 2449 612 2497 capiti
627 2448 800 2484 calvitiem
811 2450 959 2489 inducit,
978 2462 1021 2485 eo
1040 2450 1137 2498 quod
1147 2461 1252 2498 poros
1263 2452 1382 2497 capitis
1392 2451 1558 2489 obstruat,
1576 2462 1612 2486 ut
1622 2452 1739 2488 succus
1747 2453 1804 2488 ali-

83 2500 283 2538 mentitius,
294 2499 487 2534 nutriendis
505 2496 808 2545 pilisneceffarius,
825 2498 934 2533 subire
948 2498 1140 2546 nonposiit.
1193 2499 1333 2536 Hinc&
1346 2501 1508 2535 mortaria
1523 2510 1627 2547 atque
1642 2501 1750 2548 pistilli
1765 2513 1810 2539 ex

85 2560 129 2582 eo
147 2546 395 2584 conficisolent
405 2547 458 2587 ,in
470 2547 593 2594 quibus
608 2546 629 2581 li
646 2555 801 2581 terantur
816 2546 982 2594 liquores,
1003 2548 1060 2595 qui
1070 2559 1111 2582 ex
1121 2548 1300 2596 utriusque
1311 2549 1470 2584 oriuntur
1480 2549 1645 2589 mixtura,
1655 2550 1809 2598 frigidio-

82 2607 136 2631 res
153 2595 254 2633 fiunt.
305 2597 364 2631 Ob
380 2596 529 2630 eandem
539 2595 672 2630 caulam
682 2595 810 2630 utiliter
825 2596 1396 2636 admovetur-renibus,utcastitati
1413 2597 1622 2635 consuletur,
1663 2599 1712 2633 lta
1726 2599 1807 2635 Cal-

81 2656 146 2680 vus
156 2645 305 2684 Orator,
323 2654 362 2679 ut
376 2644 518 2679 testatur
526 2643 673 2682 Plinius,
687 2644 846 2679 cohibuit
856 2644 1036 2679 libidinem
1045 2667 1055 2684 ,
1065 2656 1103 2680 ut
1113 2645 1201 2681 vires
1210 2646 1366 2693 corporis
1375 2646 1567 2681 studiorum
1577 2645 1684 2681 labori
1693 2647 1807 2682 custo-

85 2693 185 2730 diret.
239 2693 336 2727 Idem
353 2692 387 2727 ὅ(
403 2692 552 2739 antiquis
560 2691 725 2731 Athletis,
742 2701 781 2727 ut
795 2692 948 2740 inquitP;
961 2693 1167 2729 Honoratus
1177 2694 1288 2732 Fabri,
1303 2695 1344 2728 ad
1363 2695 1539 2729 lervandas
1554 2695 1701 2743 integras
1715 2696 1804 2731 vires

83 2741 239 2776 solemne
249 2742 324 2777 fuit.
375 2741 496 2776 Mulici
508 2740 740 2789 quoqueillud
751 2740 1129 2789 ped'toriimpostierunt
1137 2744 1179 2777 ad
1190 2742 1312 2777 melius
1323 2743 1455 2778 cantica
1466 2745 1692 2784 decantanda,
1702 2755 1803 2792 quos,

80 2790 263 2825 utdulcius
273 2799 429 2828 caneret,
446 2790 597 2825 imitatus
606 2788 768 2826 estNero.
818 2793 970 2823 Suetonius
983 2795 1013 2823 in
1030 2794 1162 2825 Nerone.
1214 2792 1348 2825 Verum
1366 2803 1439 2826 non
1457 2792 1564 2827 solum
1581 2792 1677 2832 voci,
1694 2793 1749 2827 sed
1766 2793 1803 2829 <Sc

79 2838 282 2878 stomacho,
302 2837 571 2885 &pulmonibus
586 2838 885 2878 conducibileest,
901 2850 981 2874 cum
992 2838 1330 2879 humectet,&dulci
1347 2838 1405 2874 suo
1424 2840 1600 2889 refrigerio
1614 2840 1802 2887 pulmones

80 2886 256 2922 restauret.
308 2886 463 2921 Vulnera
471 2887 596 2934 pariter
604 2886 762 2925 exsiccat,
778 2899 850 2922 non
861 2888 1002 2935 quidem
1011 2888 1198 2927 humorem
1210 2889 1423 2923 extrahendo
1431 2911 1441 2929 ,
1452 2887 1508 2924 sed
1517 2888 1727 2924 obstruendo
1738 2901 1804 2937 po,

76 2947 136 2971 ros
154 2937 212 2971 suo
224 2935 366 2983 frigore,
377 2934 541 2982 ssmulque
556 2934 866 2970 inflammationem
877 2937 978 2983 partis
987 2936 1067 2971 laefae
1077 2936 1327 2984 extinguendo,

175 2985 240 3019 His
249 2983 375 3018 merito
386 2983 610 3030 &sequentes
625 2986 896 3019 annumerandae
907 2984 981 3020 sunt
997 2984 1186 3033 qualitates.
1238 2984 1355 3020 Primo
1366 2985 1576 3021 obtusiorem
1590 2985 1712 3020 sonum
1722 2986 1799 3021 red.

75 3033 126 3069 dit
135 3032 337 3080 plumbum,
354 3032 519 3079 quocirca
532 3034 636 3068 etiam
653 3042 792 3068 mutum
808 3032 987 3068 metallum
1002 3034 1118 3069 vocari
1128 3032 1326 3079 consuevitg
1340 3034 1480 3082 quodin
1496 3034 1553 3069 illo
1571 3034 1699 3069 humor
1715 3046 1799 3081 prae,

72 3082 202 3121 valcat,
217 3081 251 3116 ἃ
263 3091 373 3128 partes
390 3081 514 3114 habeat
523 3092 596 3115 non
612 3080 761 3116 multum
773 3081 972 3129 implicatas.
1023 3082 1188 3117 Secundo
1212 3082 1365 3129 liquelcit
1378 3105 1388 3122 ,
1412 3081 1467 3116 sed
1483 3094 1660 3130 nunquam
1676 3095 1797 3118 accen-

74 3131 318 3178 diturpropter
336 3128 583 3164 abundantiam
599 3129 767 3168 humoris.
815 3129 984 3178 Analogia
993 3130 1082 3166 estin
1091 3142 1177 3178 aqua
1186 3152 1196 3169 ,
1205 3141 1280 3177 quae
1296 3130 1377 3166 licet
1386 3128 1629 3166 ferventissima
1639 3131 1674 3166 fit
1683 3154 1693 3171 ,
1708 3143 1796 3166 nun-¹

72 3191 180 3227 quam
188 3188 306 3215 tamen
317 3175 560 3216 inflammatur.
581 3178 685 3214 Unde
695 3178 799 3214 etiam
807 3178 1076 3262 chartgplumbo
1085 3179 1215 3226 liquato
1227 3177 1367 3225 injecta,
1376 3179 1426 3214 uti
1436 3179 1472 3215 &
1486 3179 1624 3228 sulphur
1635 3180 1670 3215 ὅς
1686 3179 1797 3234 pulyis

947 3239 970 3262 0
986 3240 1006 3264 2
1684 3237 1801 3275 pyrrus
