2054 3496
4 125 6 148 ι

592 150 932 223 Philosophico
941 186 961 194 -
974 150 1180 205 Politica.
1697 170 1748 222 31

35 232 113 270 haec
123 235 244 270 eadem
254 232 428 271 flammula
444 243 508 282 pro
518 233 628 269 fausto
638 234 850 282 quandoque
866 234 996 275 omine.
1018 235 1076 269 Ad
1086 234 1156 269 hoc
1166 232 1263 272 facit,
1274 233 1370 280 quod
1378 232 1472 269 idern
1481 233 1604 269 citatus
1611 235 1754 272 Author

36 293 151 318 narrat
160 283 180 321 Ι.
189 295 224 321 11.
233 295 314 319 c.10.
318 281 356 331 ff
365 294 390 327 3.
401 282 518 318 Men1s
526 282 562 317 in
572 282 684 318 Sicilia
691 281 766 330 post
774 293 921 331 magnos
933 305 943 322 ‚
954 281 1083 318 calidos
1092 304 1102 321 ,
1116 281 1153 317 ὅ(
1161 281 1353 317 continuos
1361 281 1494 329 aliquot
1509 282 1676 318 horarum
1691 282 1752 319 fla-

35 338 92 366 tus
101 331 200 366 certis
208 331 422 380 temporibus
430 331 466 366 in
474 331 678 366 coemeterio
688 329 807 379 templi
814 330 1044 380 &Agrippinae
1051 330 1191 379 Virg.ac
1200 328 1341 376 Martyr.
1350 330 1457 365 muris
1466 330 1632 370 Ecclefiae,
1639 343 1679 367 ac
1687 342 1757 368 tur.

35 378 79 413 ris
96 381 221 428 magna
228 380 412 415 hominum
422 377 639 428 plebejorum
646 379 759 414 laetitia
773 379 925 414 adhaeret
933 379 1032 428 ignis,
1042 390 1147 426 quem
1156 387 1285 414 vocant
1298 378 1331 412 S.
1339 378 1556 427 Agrippinae,
1565 378 1645 415 &in
1654 392 1755 430 argu.

0 429 5 461 Ἰι
34 437 195 462 mentum
205 428 321 475 gaudii
331 439 454 463 omnes
466 427 546 463 dieti
554 426 624 463 loci
633 428 913 475 campanasdum
921 437 1071 476 apparet,
1081 425 1295 474 compullare
1309 425 1428 462 solent.

2 505 3 511 ,
133 476 276 523 Qaeres
284 476 434 525 Qinto.
484 477 568 526 Qo
576 485 736 523 tempore
744 476 819 511 haec
828 477 1061 523 phaenomena
1069 485 1233 523 apparere
1242 473 1390 515 soleant,
1407 474 1443 510 &
1461 475 1566 523 quam
1586 475 1667 512 diu?
1685 476 1754 513 Re-

0 527 3 555 ἱ
35 521 191 570 spondeo
201 527 317 572 quoad
325 525 486 572 primum,
495 525 606 560 aestate
614 524 800 572 plurimum
810 525 884 560 haec
892 524 998 564 cerni,
1006 534 1082 559 tum
1094 524 1187 559 enim
1205 520 1328 568 majori
1343 523 1377 558 vi
1390 522 1466 558 solis
1476 523 1649 571 copiosior
1657 525 1676 560 ὲ
1684 534 1753 562 ter-

0 582 1 601 1
34 582 81 612 ra,
90 571 126 607 ὅ(
133 572 313 620 paludibus
323 573 492 608 exhalatio
502 573 672 611 educitur.
721 571 861 612 Pariter,
869 582 1057 608 autumnus
1067 573 1101 607 in
1110 571 1329 607 calidioribus
1337 571 1424 607 locis
1431 572 1561 607 horum
1569 572 1753 609 Meteoro·

33 630 112 654 rum
121 622 215 656 ferax
223 621 286 661 est,
296 623 438 669 quando
447 622 574 669 nempe
593 621 669 656 solis
678 620 771 656 calor
780 620 924 656 validior
932 621 1074 668 quidem
1083 619 1130 655 est
1142 621 1185 655 ad
1196 619 1387 655 eliciendos
1402 643 1413 660 ,
1428 632 1503 655 non
1509 632 1594 656 vero
1603 622 1645 656 ad
1653 621 1750 657 absu-

31 670 182 704 mendos
190 669 336 704 viscosos
353 670 488 705 halitus.
539 670 594 705 Ad
606 669 795 706 secundum
806 669 886 704 dico
895 691 905 709 ,
929 681 968 705 ea
978 668 1121 704 subinde
1129 669 1172 703 ad
1182 668 1315 716 aliquot
1322 669 1425 704 horas
1434 669 1568 709 durare,
1581 670 1751 716 quoniam

32 717 174 752 materia
184 718 341 753 tenacior
349 718 412 758 est,
431 730 535 766 quarn
553 727 591 753 ut
604 717 715 753 statim
729 717 934 757 absumatur.
984 717 1162 752 Caeterum
1176 716 1338 752 absumtis
1351 717 1504 765 partibus
1517 716 1699 765 spirituofis
1715 718 1754 757 ὅ(

31 763 220 812 glutinofis,
228 766 358 814 reliqua
366 777 508 802 materia
516 766 673 814 pondere
682 766 740 801 suo
755 765 896 804 decidit.

131 814 276 861 Qaeres
284 815 402 850 Sexto.
452 818 508 850 An
517 826 608 863 quoq
616 827 660 850 ue
666 827 726 863 per
732 824 840 849 artem
850 814 939 862 ignis
961 814 1005 848 ad
1020 812 1276 848 similitudinem
1291 811 1440 848 flammae
1448 812 1549 849 fatuae
1556 814 1665 862 parari
1673 813 1751 862 pos-

32 858 93 899 sstf
117 862 326 910 Relpondeo
334 862 538 898 affirmative
551 886 561 902 ,
587 864 709 898 sienim
719 863 908 911 camphora
921 863 957 897 in
975 862 1089 909 spiritu
1106 862 1178 897 vini
1195 872 1307 908 usque
1321 862 1364 896 ad
1379 860 1686 910 consumptionem
1701 875 1754 899 m-

32 918 83 944 tra
91 911 259 946 conclave
267 921 454 959 coquatur,
470 912 570 947 calidi
579 912 703 946 halitus
712 912 908 958 camphora:
916 911 1119 959 congregati
1129 909 1165 946 ὅ(
1175 909 1207 945 su
1248 908 1315 945 enfi
1324 910 1578 951 accendentur,
1595 910 1631 946 &
1640 911 1754 947 fatuo-

31 967 110 993 rum
118 959 250 1008 ignium
259 959 373 997 aemuli
381 960 457 1009 plus
464 983 475 1002 ,
484 961 646 996 minusve
653 960 832 1000 lucebunt,
842 970 948 1008 prout
955 960 1098 995 Materia
1107 909 1290 1007 εορίοᾷιὶοτ,
1306 957 1475 995 meliusve
1488 958 1672 1008 compasta
1679 960 1754 997 fue-

321 1102 913 1171 CONCLUSIO
956 1101 1454 1169 POLITICA.

407 1192 779 1266 Fraenandus
796 1194 1017 1288 gloriae
1047 1192 1373 1286 appetitus.

31 1005 86 1042 rit.

88 3010 168 3060 agit.
217 3010 384 3060 Splendet
403 3013 613 3069 aliquamdiu
625 3016 744 3066 gloriae
759 3019 893 3067 pullus;
908 3020 964 3055 sed
983 3032 1088 3069 quem
1113 3032 1260 3058 venatur
1277 3025 1414 3065 honor,
1439 3038 1528 3073 ignis
1542 3026 1659 3062 fatuus
1675 3039 1694 3063 e
1729 3040 1742 3073 3

87 3069 274 3097 momento
282 3062 688 3112 abrumpitur,&dumin
698 3077 804 3117 gyros
816 3069 1037 3106 ambitiosum
1044 3079 1153 3111 rotat,
1166 3080 1245 3107 tum
1259 3082 1319 3108 aut
1337 3072 1505 3111 incassum
1516 3074 1668 3118 laborat,
1682 3085 1743 3112 aut

1705 3135 1744 3161 m

24 2962 188 3071 SAnus
196 2961 314 3012 gloriae
321 2964 469 3001 ambitus
478 2964 613 3002 infimus
620 2978 695 3005 non
703 2968 771 3016 est3
783 2969 891 3007 nimia
903 2971 1050 3007 honoris
1057 2973 1229 3021 cupiditas
1236 2975 1372 3024 vertigo
1380 2975 1576 3025 ‹est-,quaein
1586 2988 1698 3025 praece
1723 2989 1739 3015 s
