2054 3496
669 193 1239 265 Philosophico-Politica·v
1742 201 1801 263 83

70 278 419 315 debiliusincidentes
436 277 552 313 minus
574 278 722 313 eandem
740 278 953 318 illuminant,
966 278 1002 313 <Sc
1018 278 1198 313 obscuram
1216 274 1428 322 relinquunt.
1467 274 1736 324 Nonnunquam
1751 286 1800 311 ta-

69 338 153 363 men
162 327 351 364 deficiente
365 327 507 362 materia
517 337 591 361 non
607 325 895 382 integercirculus
908 349 919 367 ,
944 326 1001 361 sed
1015 327 1174 374 quaedam
1185 324 1435 359 tantummodo
1451 323 1538 359 illius
1553 327 1668 373 portio
1688 326 1800 360 cerni-

72 384 138 411 tur.

171 434 292 471 Dices:
319 435 359 469 ln
368 433 509 469 coronis
517 432 703 481 aliquando
714 443 879 482 apparent
888 433 968 469 varii
980 433 1134 473 colores,
1150 443 1234 481 ergo
1250 445 1324 468 non
1339 432 1504 469 differunt
1520 435 1560 469 ab
1577 434 1680 472 iride.
1729 435 1797 470 Re·

70 485 227 533 {pondeo
235 506 246 522 ,
265 484 378 517 varios
387 482 573 529 aliquando
585 482 721 518 colores
731 493 893 530 apparere
902 483 937 517 in
946 483 1085 517 coronis
1094 505 1104 520 ,
1122 493 1196 515 non
1214 493 1256 515 eo
1267 492 1385 516 tamen
1394 483 1519 517 ordine
1532 505 1542 522 ,
1552 494 1623 530 quo
1634 493 1799 530 apparent

70 545 107 568 m
116 533 216 615 Irid?
226 530 282 566 {ed
289 532 414 566 ordine
425 531 524 578 plane
533 531 679 571 inverso,
688 531 802 579 licque
811 531 912 566 etiam
921 531 1037 566 adhuc
1046 529 1211 566 differunt
1219 540 1262 564 ex
1271 532 1343 565 hoc
1351 531 1474 579 capite,
1485 531 1528 566 de
1537 543 1608 579 quo
1619 531 1715 580 plura
1724 554 1735 572 ,
1744 531 1804 575 ubi

73 583 119 617 de
131 581 171 615 [ri
199 591 231 615 e.

166 645 448 693 Qaeresprimo,
468 657 513 680 an
529 645 609 680 halo
617 645 752 681 vicinus
767 642 863 679 sideri
878 644 940 680 sit?
966 643 1194 692 Respondeo:
1213 645 1270 681 etsi
1295 646 1453 693 proxime
1469 646 1556 684 fidus
1567 649 1708 698 cingere
1724 673 1735 691 ,
1761 649 1799 688 ὰ

72 694 165 742 quasi
177 705 349 729 coronare
363 694 538 733 videatur,
563 695 635 728 hoc
649 704 767 729 tamen
780 692 868 727 visus
887 693 993 728 nostri
1011 693 1236 730 imbecillitati
1249 694 1534 737 adscribendum,
1552 697 1688 734 idolum
1704 699 1799 735 enit'n

69 744 142 779 hoc
152 742 281 779 dircite
289 742 374 776 infra
383 742 530 777 siderain
538 742 656 777 medio
667 747 746 777 ae're
754 740 874 776 existit.

174 811 321 858 Qaeres
330 812 507 848 Secundo.
533 811 608 848 Cur
617 810 831 858 frequentius
840 809 976 846 Lunam
986 834 996 851 ,
1010 812 1112 859 quam
1121 811 1239 847 Solem
1248 829 1258 844 ν
1274 811 1380 848 aliave
1389 814 1471 849 astra
1481 815 1614 851 ambire
1622 817 1800 854 videatur?

73 859 303 907 Respondeo:
331 862 516 897 Rationem
525 859 610 899 effe,
620 860 785 908 quoniam
797 858 854 893 sub
864 859 945 894 Sole
954 871 1026 895 non
1038 860 1135 895 facile
1151 859 1291 907 possunt
1306 861 1422 910 colligi
1439 862 1474 898 ὅ(
1493 862 1662 900 iublistere
1675 875 1800 902 tenues

71 908 327 945 istaeuubeculae
337 910 525 958 ,inquibus
535 909 615 944 halo
625 907 781 957 generari
798 906 882 942 solet
894 931 905 948 ,
931 919 1073 956 propter
1087 909 1240 944 calorem
1257 908 1349 944 istius
1364 908 1592 958 diffipantem.
1656 913 1801 963 Reliqua

71 956 157 992 vero
165 956 248 991 astra
256 957 484 994 infirmiorem
493 958 624 992 habent
635 957 868 1003 lucem,quam
877 967 915 991 ut
924 958 1055 1003 semper
1064 954 1192 1004 pollint
1201 958 1234 991 in
1244 969 1393 1006 corpore
1402 958 1421 993 s
1415 971 1434 994 u
1440 958 1471 1006 bj
1477 959 1553 995 etio
1568 960 1659 1007 splen
1665 963 1800 1003 dorem,

72 1003 177 1052 hujus
184 1006 366 1053 praesertim
376 1006 505 1054 figurae,
522 1003 620 1051 cujus
630 1004 677 1040 est
685 1004 776 1043 halo,
787 1002 935 1040 efficere.
987 1005 1095 1040 Lunae
1106 1016 1222 1041 autem
1232 1006 1281 1041 vis
1292 1006 1437 1042 inertior
1449 1031 1459 1048 ,
1471 1009 1574 1056 quam
1585 1020 1622 1045 ut
1630 1010 1801 1048 discutere

69 1065 219 1102 vapores
226 1052 340 1102 postit,
350 1066 466 1103 neque
473 1064 591 1091 tamen
600 1064 671 1088 tarn
681 1052 902 1101 exigua,licut
909 1053 1118 1102 reliquarum
1129 1053 1310 1090 stellarum.

176 1115 321 1161 Qaeres
336 1115 470 1154 Tertio.
520 1118 606 1166 Quo
622 1129 782 1167 tempore
805 1119 885 1155 halo
901 1122 1104 1170 contingat?
1132 1120 1359 1169 Responde0:
1377 1122 1454 1170 post
1462 1123 1574 1158 Austri
1591 1122 1718 1161 flatum'
1728 1125 1800 1174 ple-

70 1175 220 1211 rumque
234 1165 407 1212 generari,
417 1166 583 1214 quoniam
592 1178 668 1203 tum
679 1166 883 1204 crassiusculi
893 1170 1087 1205 excitantur
1099 1181 1245 1218 vapores
1255 1194 1264 1209 ,
1282 1171 1315 1205 in
1326 1172 1451 1219 quibus
1473 1172 1553 1206 halo
1571 1173 1670 1208 facile
1684 1174 1801 1222 impri-

71 1213 120 1247 mi
130 1212 251 1260 potest.
305 1213 487 1249 Deindein
497 1217 802 1252 autumno&vere
822 1218 1039 1265 frequentius
1053 1220 1261 1267 conspicitur
1273 1242 1283 1258 ,
1310 1221 1392 1254 cum
1408 1217 1597 1256 remiffiora
1613 1221 1689 1257 sunt
1703 1223 1800 1260 calor

71 1260 284 1308 &lrigus,&
303 1262 607 1310 plusliumidarum
619 1265 1102 1303 exhalationumredundatin
1113 1274 1201 1303 aere.
1255 1268 1404 1304 Unde&
1419 1268 1527 1304 nonu
1544 1269 1678 1319 saepiuS,
1693 1273 1798 1321 quarn

73 1309 223 1345 interdiu
236 1312 459 1357 producitur,
476 1313 642 1359 quoniam
653 1314 709 1349 die
722 1314 815 1349 calor
824 1314 870 1349 est
879 1315 1001 1350 fortior
1011 1316 1272 1363 praesenteSole.

170 1380 316 1426 Quaeres
326 1378 472 1425 Quarto.
530 1378 606 1414 Cur
623 1379 724 1414 {rides
738 1379 1088 1426 frequentiusaSole,
1106 1391 1247 1415 coronae
1257 1391 1373 1415 autem
1384 1380 1599 1429 frequentius
1615 1381 1632 1416 a
1646 1380 1747 1418 Luna
1761 1382 1801 1419 fi·

73 1427 153 1466 ant}
182 1427 415 1474 Respondeo:
435 1427 468 1460 id
479 1425 561 1465 esse,
576 1427 654 1475 quia
663 1428 835 1462 adiridem
846 1427 957 1476 major
974 1429 1121 1476 exigitur
1137 1428 1388 1475 copialuininis
1406 1452 1416 1467 ,
1448 1429 1800 1476 quamadcoronam‚

74 1476 109 1510 in
126 1489 191 1524 qua
201 1476 382 1510 modicum
392 1473 640 1510 sufficitlumen
650 1475 833 1523 inspersum
841 1478 977 1525 vapori,
988 1477 1103 1524 licriue
1111 1480 1153 1512 ad
1163 1478 1252 1513 hanc
1271 1476 1519 1514 [ufficitlumen
1532 1477 1800 1519 Lunae,adillam

74 1534 190 1560 tamen
199 1524 345 1573 exigitur
355 1522 473 1557 lumen
481 1523 692 1571 Solis,aquo
704 1524 916 1573 frequentius
926 1525 973 1560 fit.

172 1584 295 1617 Dices:
320 1582 549 1630 Sialiquando
559 1583 657 1620 fieret
665 1585 796 1631 ajSole,
813 1586 903 1622 illam
917 1586 1127 1627 videremus,
1140 1586 1196 1622 sed
1206 1599 1277 1622 non
1291 1588 1335 1622 ita
1344 1588 1522 1628 videmus,
1542 1588 1624 1625 sicut
1632 1589 1794 1627 videmus

75 1632 210 1670 iridem,
219 1643 314 1678 ergo.
369 1632 595 1679 Relpondeo:
611 1633 736 1669 Iridem
745 1635 872 1675 videri,
895 1635 932 1671 ὅ(
950 1646 1021 1669 nou
1033 1635 1184 1670 itaiacile
1193 1648 1362 1671 coronam
1374 1636 1534 1676 solarem,
1550 1638 1629 1684 quia
1639 1639 1720 1674 cum
1738 1642 1800 1675 de-

74 1682 179 1715 beant
188 1679 464 1714 oculisinSolem
475 1681 614 1716 intentis
623 1681 733 1730 aspici,
745 1683 824 1720 &in
833 1684 917 1718 iride
926 1683 1193 1719 oculuslitinter
1210 1684 1328 1719 Solem
1354 1685 1390 1720 ὅ(
1405 1687 1554 1724 nubem,
1575 1687 1686 1733 potest
1701 1689 1802 1725 facile

72 1729 197 1812 {iidem
208 1728 360 1810 videre5d
372 1729 406 1762 in
417 1739 548 1764 corona
557 1740 685 1771 autem,
694 1731 777 1767 cum
785 1734 893 1768 nubes
903 1732 939 1767 sit
951 1732 1039 1767 inter
1048 1732 1192 1768 oculum
1201 1733 1236 1768 ὅ(
1247 1733 1365 1768 Solem
1375 1756 1385 1773 ,
1402 1746 1475 1769 non
1484 1734 1596 1782 potest
1605 1735 1728 1772 oculus
1738 1738 1801 1773 So-

87 1787 113 1811 is
123 1787 294 1812 coronam
302 1788 335 1811 Vl
363 1788 432 1811 ere.

125 1846 270 1894 Qoeres
279 1843 430 1890 Qinto.
456 1842 532 1879 Cur
550 1856 682 1880 corona
697 1844 736 1879 fit
750 1843 902 1892 perfecie
915 1845 1102 1884 circularis,
1118 1857 1192 1881 non
1207 1847 1250 1882 ita
1263 1847 1347 1881 vero
1363 1846 1439 1884 irisff
1459 1847 1668 1895 Respondeo
1687 1863 1696 1884 :
1722 1851 1803 1898 quia

74 1892 346 1974 undiqueslilabet
354 1902 518 1938 vaporem
531 1893 687 1941 sparsum,
703 1894 738 1928 in
747 1904 818 1941 quo
827 1902 943 1929 totum
951 1894 1072 1941 implet
1081 1895 1251 1930 ambitum
1268 1919 1278 1935 ,
1290 1897 1387 1943 quod
1397 1906 1470 1931 non
1481 1897 1648 1933 haberitis
1657 1919 1667 1937 ,
1684 1900 1740 1934 cui
1749 1900 1801 1934 in-

75 1945 174 1980 ferne
185 1942 230 1975 ob
261 1950 294 1974 at
309 1950 408 1974 terra.

174 1998 320 2044 Qaeres
330 1998 454 2033 Sexto:
480 1999 600 2046 Qare
609 2012 742 2036 corona
781 1998 969 2037 otissimiun
986 2000 1023 2036 fit
1039 2001 1220 2042 unicolor,
1238 2002 1293 2037 iris
1308 2012 1425 2038 autem
1442 2003 1574 2051 semper
1593 2004 1802 2045 versicolor}

76 2047 287 2094 Respondeo
304 2060 312 2081 :
337 2047 417 2094 quia
427 2047 633 2096 lumen,per
641 2050 736 2097 quod
746 2013 998 2089 ‹i’tcoronaaest
1011 2050 1235 2090 imbecillius,
1252 2051 1334 2086 cum
1352 2051 1558 2100 plerumque
1569 2053 1606 2088 fit
1620 2053 1747 2093 Lunae,
1762 2053 1800 2091 δε

75 2097 135 2132 fiat
144 2097 178 2130 in
189 2094 339 2130 tenebris
349 2108 360 2139 3
370 2095 449 2130 licet
459 2095 579 2132 solares
590 2109 742 2138 coronae,
751 2100 860 2134 rubrae
870 2098 942 2136 sint,
953 2098 988 2134 ὅ(
996 2098 1183 2146 aliquando
1194 2099 1378 2135 versicolor
1388 2112 1520 2137 corona
1529 2112 1740 2150 appareat,ut
1748 2103 1795 2139 ait

75 2147 209 2182 Seneca
217 2143 237 2178 l.
247 2155 269 2178 1.
279 2155 308 2181 c.
315 2155 346 2181 2.
356 2143 509 2180 Ulterior
518 2146 621 2181 etiam
630 2147 718 2181 ratio
728 2147 800 2182 dari
820 2145 934 2195 potest
942 2147 960 2181 a
970 2147 1098 2183 diversa
1106 2146 1291 2184 affectione
1300 2149 1457 2184 nubium.

176 2224 321 2271 Qaeres
329 2224 502 2271 Septimo:
528 2225 625 2273 Qid
634 2237 765 2261 corona
774 2225 961 2274 portendat
970 2224 983 2263 ξ
1008 2223 1238 2273 Responde0:
1255 2225 1289 2260 Si
1299 2225 1369 2261 cito
1381 2225 1576 2267 evanescat,
1594 2227 1679 2264 solet
1688 2228 1754 2265 effe
1762 2229 1800 2266 si-

79 2283 188 2321 gnum
199 2272 640 2313 lerenitatisoeumindicet,
647 2285 795 2321 vapores
809 2272 877 2309 effe
891 2274 992 2309 valde
1000 2273 1152 2318 debiles3
1168 2273 1188 2308 fi
1203 2273 1398 2321 perseveret
1412 2276 1649 2319 pertinaciter,
1664 2277 1798 2326 signum

79 2320 126 2355 est
137 2320 270 2368 pluviae,
279 2320 361 2354 cum
369 2320 526 2357 ostendat
537 2322 803 2357 concretionem
811 2333 980 2370 vaporum
990 2320 1057 2356 effe
1066 2321 1167 2357 valde
1181 2321 1425 2358 consistentem
1443 2336 1454 2369 3
1485 2324 1506 2359 fi
1517 2324 1688 2360 scindatur
1699 2326 1734 2363 ὅ(
1743 2327 1794 2362 di-

77 2368 255 2408 strahatur,
271 2367 318 2404 est
329 2369 461 2417 signum
470 2380 658 2405 ventorum
665 2393 676 2409 ,
686 2371 768 2406 cum
779 2370 853 2406 talis
862 2369 1034 2405 distraffio
1043 2368 1127 2405 fiata
1135 2369 1270 2406 flatibus
1279 2393 1289 2409 ,
1304 2370 1385 2407 licet
1399 2373 1515 2409 adhuc
1524 2384 1597 2407 non
1607 2373 1794 2411 sentiantur

80 2418 116 2452 in
125 2429 223 2455 terra.
250 2417 426 2453 Caeterum
437 2428 550 2454 narrat
562 2419 803 2466 Seneca,qu0d
811 2430 855 2454 eo
865 2418 937 2458 die,
951 2430 1023 2466 quo
1035 2417 1249 2455 ociavianus
1259 2419 1370 2455 Caelar
1379 2422 1501 2456 urbem
1514 2421 1792 2473 victoringrede-

79 2477 186 2506 retur,
195 2477 328 2502 corona
336 2467 428 2501 iridis
439 2467 550 2514 [pecie
568 2467 686 2502 Solem
699 2468 829 2503 ambire
842 2467 910 2503 vila
924 2466 971 2505 fit.
1022 2467 1121 2502 Idem
1140 2466 1320 2516 contigiffe
1343 2469 1499 2505 referunt
1520 2470 1795 2517 inaugurationis

81 2514 160 2549 luce
171 2514 289 2549 Caroli
299 2515 531 2562 imperatoris,
556 2515 679 2550 Sabell.
691 2515 712 2551 l.
721 2528 744 2551 1.
757 2516 800 2553 C.
809 2528 842 2562 4.
851 2516 963 2555 tradit,
979 2525 1061 2551 ante
1069 2526 1221 2551 mortem
1230 2517 1377 2553 Henrici
1391 2518 1470 2552 VII.
1479 2518 1700 2566 Imperatoris
1710 2531 1793 2568 proe-

82 2572 135 2598 ter
144 2563 204 2597 alia
214 2563 303 2610 ligna
312 2564 416 2598 etiam
426 2564 628 2599 circularem
638 2564 783 2612 speciem
797 2564 948 2600 lucidam
957 2564 1045 2599 Solis
1060 2565 1184 2600 orbem
1192 2564 1353 2601 ambiisse.
1383 2566 1546 2602 Similiter
1553 2566 1722 2603 Lothario
1730 2569 1795 2604 im·

83 2621 226 2657 perante
235 2611 394 2652 scribunt,
403 2612 439 2647 in
448 2612 586 2647 civitate
594 2612 866 2649 Paderbornenfi
873 2611 962 2649 visos
973 2613 1063 2648 duos
1078 2613 1121 2648 ad
1129 2612 1248 2649 Solem
1258 2613 1571 2662 circulos,quorum
1580 2616 1724 2652 interior
1731 2618 1793 2653 Ec—

84 2658 188 2694 clesia:
197 2659 484 2708 magnitudinem,
494 2661 646 2696 exterior
655 2673 737 2696 vero
747 2662 839 2697 urbis
849 2660 1053 2709 complexus
1061 2661 1126 2696 fuit
1134 2661 1365 2697 latitudinem.
1393 2664 1465 2698 Vix
1475 2664 1558 2698 dum
1567 2675 1796 2706 evanuerunt,

85 2718 247 2791 ῧςοτωπι
259 2707 311 2792 {st
325 2709 527 2744 incendium
538 2732 548 2751 ,
571 2709 608 2746 ὅ(
617 2710 696 2746 urbs
703 2721 785 2747 cum
793 2709 940 2746 Ecclesia
952 2709 1186 2746 miserabiliter
1199 2709 1437 2760 conflagravit.
1487 2712 1538 2748 Ita
1546 2712 1727 2749 Crantzius
1736 2713 1757 2754 1.
1767 2717 1800 2754 6.

130 2765 241 2804 etrop.
294 2782 303 2791 .
315 2768 361 2803 23.

183 2845 312 2881 Pariter
326 2845 523 2880 Schefferus
539 2845 575 2880 in
589 2857 737 2883 memor.
754 2846 854 2883 Suec.
871 2854 965 2893 gent.
981 2855 1054 2892 cap.
1071 2856 1101 2879 2.
1114 2843 1255 2880 testatur
1269 2842 1375 2891 paulo
1393 2853 1475 2879 ante
1489 2844 1633 2892 Joannis
1647 2846 1750 2895 Regis
1765 2847 1804 2882 in

85 2894 209 2930 Suecia
218 2893 355 2929 obitum
367 2893 460 2941 supra
470 2894 600 2943 regiam
610 2893 763 2929 Holmiae
771 2917 782 2933 ,
808 2893 903 2929 coelo
914 2892 1033 2928 sereno
1043 2891 1230 2940 apparuisse
1240 2892 1406 2927 circulum
1416 2893 1498 2928 varii
1513 2894 1641 2929 coloris
1656 2895 1689 2929 in
1700 2896 1800 2930 nubi-

85 2944 161 2982 bus,
170 2953 259 2990 quos
269 2942 343 2977 Rex
352 2942 418 2989 ipse
427 2943 580 2982 intuitus,
589 2942 738 2977 nuncios
748 2941 813 2978 esse
814 2940 985 2988 judicavit
994 2943 1115 2976 mertis
1126 2940 1201 2975 [hee.
1253 2941 1372 2987 Quare
1382 2940 1456 2976 illos
1467 2942 1501 2976 in
1509 2943 1622 2978 vicina
1631 2943 1716 2979 arcis
1725 2944 1799 2979 aede

86 2990 177 3026 speri
192 2990 336 3038 exprimi
351 2991 528 3026 coloribus
536 2991 722 3026 mandavit.
772 2991 901 3037 Neque
910 2990 974 3024 suit
982 3000 1110 3024 vanum
1121 2988 1301 3036 augurium
1311 3011 1320 3028 ,
1336 2989 1453 3036 paucis
1470 2991 1563 3025 enim
1585 2991 1662 3038 pcst
1677 2992 1799 3027 diebus

90 3050 132 3074 ex
141 3040 269 3074 morbo
281 3036 436 3075 disceffit.
464 3039 550 3074 Haec
559 3048 676 3074 tamen
686 3039 803 3074 omnia
813 3038 889 3074 casu
899 3038 1016 3086 petius
1026 3038 1129 3085 quain
1138 3036 1273 3090 balonis
1281 3037 1440 3091 praesagio
1449 3037 1535 3074 facta
1537 3037 1673 3086 judico,
1683 3051 1806 3088 quam·

89 3086 140 3124 vis
149 3088 184 3124 in
194 3087 329 3137 iignum
338 3087 466 3122 horum
475 3096 667 3124 eventuum
674 3087 694 3122 a
703 3087 828 3124 Divina
835 3086 1058 3123 Providentia
1065 3084 1182 3120 aisuml
1191 3094 1379 3132 potuerint.

996 3140 1026 3175 L
1050 3153 1070 3177 2
1696 3138 1806 3175 Colli-
