<?xml version="1.0" encoding="UTF-8"?>
<!DOCTYPE html PUBLIC "-//W3C//DTD XHTML 1.0 Transitional//EN"
    "http://www.w3.org/TR/xhtml1/DTD/xhtml1-transitional.dtd">
<html xmlns="http://www.w3.org/1999/xhtml" xml:lang="en" lang="en">
 <head>
  <title>
</title>
<meta http-equiv="Content-Type" content="text/html;charset=utf-8" />
  <meta name='ocr-system' content='tesseract 3.04.00' />
  <meta name='ocr-capabilities' content='ocr_page ocr_carea ocr_par ocr_line ocrx_word'/>
</head>
<body>
  <div class='ocr_page' id='page_1' title='image "./meteorologiaphil00rein/meteorologiaphil00rein_0058.png"; bbox 0 0 2054 3496; ppageno 0'>
   <div class='ocr_carea' id='block_1_1' title="bbox 261 143 2054 3180">
    <p class='ocr_par' dir='ltr' id='par_1_1' title="bbox 261 143 1308 219">
     <span class='ocr_line' id='line_1_1' title="bbox 261 143 1308 219; baseline -0.004 -18"><span class='ocrx_word' id='word_1_1' title='bbox 261 150 337 219; x_wconf 85' lang='lat'>46</span> <span class='ocrx_word' id='word_1_2' title='bbox 942 143 1308 218; x_wconf 79' lang='lat' dir='ltr'>Meteorologia</span> 
     </span>
    </p>

    <p class='ocr_par' dir='ltr' id='par_1_2' title="bbox 268 227 2054 522">
     <span class='ocr_line' id='line_1_2' title="bbox 368 227 2046 278; baseline 0.001 -13"><span class='ocrx_word' id='word_1_3' title='bbox 368 228 557 266; x_wconf 78' lang='lat' dir='ltr'>Conclusio</span> <span class='ocrx_word' id='word_1_4' title='bbox 568 228 727 263; x_wconf 87' lang='lat' dir='ltr'>secunda.</span> <span class='ocrx_word' id='word_1_5' title='bbox 779 227 889 262; x_wconf 73' lang='lat' dir='ltr'>Causa</span> <span class='ocrx_word' id='word_1_6' title='bbox 898 229 1002 268; x_wconf 60' lang='lat' dir='ltr'>vero,</span> <span class='ocrx_word' id='word_1_7' title='bbox 1017 241 1091 275; x_wconf 62' lang='lat' dir='ltr'>qux</span> <span class='ocrx_word' id='word_1_8' title='bbox 1108 229 1287 264; x_wconf 64' lang='lat' dir='ltr'>accenllim</span> <span class='ocrx_word' id='word_1_9' title='bbox 1302 228 1557 265; x_wconf 79' lang='lat' dir='ltr'>exhalationem</span> <span class='ocrx_word' id='word_1_10' title='bbox 1570 239 1716 278; x_wconf 75' lang='lat' dir='ltr'>torquet</span> <span class='ocrx_word' id='word_1_11' title='bbox 1731 229 1894 266; x_wconf 89' lang='lat' dir='ltr'>deorsum</span> <span class='ocrx_word' id='word_1_12' title='bbox 1909 252 1921 270; x_wconf 92' lang='lat'>,</span> <span class='ocrx_word' id='word_1_13' title='bbox 1947 228 1996 265; x_wconf 87' lang='lat' dir='ltr'>est</span> <span class='ocrx_word' id='word_1_14' title='bbox 2043 245 2046 248; x_wconf 93' lang='lat'>·</span> 
     </span>
     <span class='ocr_line' id='line_1_3' title="bbox 274 275 1996 327; baseline 0 -13"><span class='ocrx_word' id='word_1_15' title='bbox 274 279 437 327; x_wconf 86' lang='lat' dir='ltr'>impullus</span> <span class='ocrx_word' id='word_1_16' title='bbox 445 301 454 316; x_wconf 83' lang='lat'>,</span> <span class='ocrx_word' id='word_1_17' title='bbox 463 289 568 324; x_wconf 79' lang='lat' dir='ltr'>quem</span> <span class='ocrx_word' id='word_1_18' title='bbox 577 275 715 311; x_wconf 77' lang='lat' dir='ltr'>flamma</span> <span class='ocrx_word' id='word_1_19' title='bbox 725 276 979 317; x_wconf 79' lang='lat' dir='ltr'>rarescendo,&amp;</span> <span class='ocrx_word' id='word_1_20' title='bbox 989 278 1075 312; x_wconf 76' lang='lat' dir='ltr'>intra</span> <span class='ocrx_word' id='word_1_21' title='bbox 1086 278 1185 312; x_wconf 85' lang='lat' dir='ltr'>nubis</span> <span class='ocrx_word' id='word_1_22' title='bbox 1193 279 1361 326; x_wconf 82' lang='lat' dir='ltr'>angustias</span> <span class='ocrx_word' id='word_1_23' title='bbox 1369 279 1560 325; x_wconf 78' lang='lat' dir='ltr'>compressa</span> <span class='ocrx_word' id='word_1_24' title='bbox 1567 279 1688 326; x_wconf 75' lang='lat' dir='ltr'>recipit</span> <span class='ocrx_word' id='word_1_25' title='bbox 1696 280 1714 313; x_wconf 77' lang='lat' dir='ltr'>a</span> <span class='ocrx_word' id='word_1_26' title='bbox 1726 276 1932 325; x_wconf 87' lang='lat' dir='ltr'>nube,cujus</span> <span class='ocrx_word' id='word_1_27' title='bbox 1949 278 1996 313; x_wconf 89' lang='lat' dir='ltr'>la·</span> 
     </span>
     <span class='ocr_line' id='line_1_4' title="bbox 275 322 1995 374; baseline 0 -12"><span class='ocrx_word' id='word_1_28' title='bbox 275 340 348 364; x_wconf 88' lang='lat' dir='ltr'>tera</span> <span class='ocrx_word' id='word_1_29' title='bbox 362 327 487 374; x_wconf 80' lang='lat' dir='ltr'>quatit,</span> <span class='ocrx_word' id='word_1_30' title='bbox 506 336 542 360; x_wconf 92' lang='lat' dir='ltr'>ut</span> <span class='ocrx_word' id='word_1_31' title='bbox 556 322 989 372; x_wconf 72' lang='lat' dir='ltr'>pollitevadere.l‚1nde[ic</span> <span class='ocrx_word' id='word_1_32' title='bbox 999 327 1173 373; x_wconf 72' lang='lat' dir='ltr'>contingit</span> <span class='ocrx_word' id='word_1_33' title='bbox 1183 328 1339 374; x_wconf 75' lang='lat' dir='ltr'>generari</span> <span class='ocrx_word' id='word_1_34' title='bbox 1358 327 1503 361; x_wconf 65' lang='lat' dir='ltr'>tulmen:</span> <span class='ocrx_word' id='word_1_35' title='bbox 1538 327 1775 362; x_wconf 61' lang='lat' dir='ltr'>exhalationes</span> <span class='ocrx_word' id='word_1_36' title='bbox 1794 328 1911 362; x_wconf 86' lang='lat' dir='ltr'>multae</span> <span class='ocrx_word' id='word_1_37' title='bbox 1933 326 1995 362; x_wconf 78' lang='lat' dir='ltr'>lul-</span> 
     </span>
     <span class='ocr_line' id='line_1_5' title="bbox 269 373 1992 425; baseline -0.001 -14"><span class='ocrx_word' id='word_1_38' title='bbox 269 378 409 425; x_wconf 73' lang='lat' dir='ltr'>phureae</span> <span class='ocrx_word' id='word_1_39' title='bbox 417 387 455 410; x_wconf 85' lang='lat' dir='ltr'>ac</span> <span class='ocrx_word' id='word_1_40' title='bbox 466 373 597 409; x_wconf 73' lang='lat' dir='ltr'>nitrosae</span> <span class='ocrx_word' id='word_1_41' title='bbox 609 374 756 408; x_wconf 87' lang='lat' dir='ltr'>nubibus</span> <span class='ocrx_word' id='word_1_42' title='bbox 767 374 947 413; x_wconf 66' lang='lat' dir='ltr'>immixtae,</span> <span class='ocrx_word' id='word_1_43' title='bbox 958 375 1084 422; x_wconf 67' lang='lat' dir='ltr'>nigore</span> <span class='ocrx_word' id='word_1_44' title='bbox 1095 376 1237 409; x_wconf 85' lang='lat' dir='ltr'>tandem</span> <span class='ocrx_word' id='word_1_45' title='bbox 1258 375 1293 410; x_wconf 74' lang='grc' dir='ltr'>ὅ(</span> <span class='ocrx_word' id='word_1_46' title='bbox 1302 374 1576 410; x_wconf 84' lang='lat' dir='ltr'>condensatione</span> <span class='ocrx_word' id='word_1_47' title='bbox 1589 377 1726 423; x_wconf 91' lang='lat' dir='ltr'>vaporis</span> <span class='ocrx_word' id='word_1_48' title='bbox 1743 377 1779 410; x_wconf 93' lang='lat' dir='ltr'>in</span> <span class='ocrx_word' id='word_1_49' title='bbox 1789 388 1898 411; x_wconf 88' lang='lat' dir='ltr'>unum</span> <span class='ocrx_word' id='word_1_50' title='bbox 1907 387 1992 410; x_wconf 86' lang='lat' dir='ltr'>con·</span> 
     </span>
     <span class='ocr_line' id='line_1_6' title="bbox 273 422 2054 474; baseline -0.001 -15"><span class='ocrx_word' id='word_1_51' title='bbox 273 425 437 474; x_wconf 66' lang='lat' dir='ltr'>globatae,</span> <span class='ocrx_word' id='word_1_52' title='bbox 453 422 627 457; x_wconf 76' lang='lat' dir='ltr'>flammam</span> <span class='ocrx_word' id='word_1_53' title='bbox 638 423 858 469; x_wconf 88' lang='lat' dir='ltr'>concipiunt,</span> <span class='ocrx_word' id='word_1_54' title='bbox 869 423 904 458; x_wconf 68' lang='grc' dir='ltr'>ὅ(</span> <span class='ocrx_word' id='word_1_55' title='bbox 915 423 1064 458; x_wconf 66' lang='lat' dir='ltr'>collecto</span> <span class='ocrx_word' id='word_1_56' title='bbox 1082 423 1214 471; x_wconf 85' lang='lat' dir='ltr'>impetu</span> <span class='ocrx_word' id='word_1_57' title='bbox 1230 434 1322 459; x_wconf 78' lang='lat' dir='ltr'>extra</span> <span class='ocrx_word' id='word_1_58' title='bbox 1340 425 1440 458; x_wconf 87' lang='lat' dir='ltr'>nubis</span> <span class='ocrx_word' id='word_1_59' title='bbox 1454 424 1622 473; x_wconf 77' lang='lat' dir='ltr'>angustias</span> <span class='ocrx_word' id='word_1_60' title='bbox 1638 433 1670 459; x_wconf 76' lang='lat' dir='ltr'>le</span> <span class='ocrx_word' id='word_1_61' title='bbox 1685 424 1834 460; x_wconf 88' lang='lat' dir='ltr'>claustris</span> <span class='ocrx_word' id='word_1_62' title='bbox 1850 422 1997 459; x_wconf 71' lang='lat' dir='ltr'>effraffis</span> <span class='ocrx_word' id='word_1_63' title='bbox 2052 448 2054 466; x_wconf 71' lang='lat'><em>³</em></span> 
     </span>
     <span class='ocr_line' id='line_1_7' title="bbox 268 473 422 522; baseline -0.026 -12"><span class='ocrx_word' id='word_1_64' title='bbox 268 473 422 522; x_wconf 80' lang='lat' dir='ltr'>ejiciunt.</span> 
     </span>
    </p>

    <p class='ocr_par' dir='ltr' id='par_1_3' title="bbox 269 519 2054 1189">
     <span class='ocr_line' id='line_1_8' title="bbox 367 519 1994 569; baseline 0 -15"><span class='ocrx_word' id='word_1_65' title='bbox 367 521 446 555; x_wconf 80' lang='lat' dir='ltr'>Nec</span> <span class='ocrx_word' id='word_1_66' title='bbox 463 519 590 553; x_wconf 86' lang='lat' dir='ltr'>mirum</span> <span class='ocrx_word' id='word_1_67' title='bbox 600 519 706 554; x_wconf 79' lang='lat' dir='ltr'>videri</span> <span class='ocrx_word' id='word_1_68' title='bbox 717 519 833 558; x_wconf 85' lang='lat' dir='ltr'>debet,</span> <span class='ocrx_word' id='word_1_69' title='bbox 844 519 941 566; x_wconf 86' lang='lat' dir='ltr'>quod</span> <span class='ocrx_word' id='word_1_70' title='bbox 949 529 1046 554; x_wconf 83' lang='lat' dir='ltr'>tanto</span> <span class='ocrx_word' id='word_1_71' title='bbox 1057 519 1190 567; x_wconf 88' lang='lat' dir='ltr'>impetu</span> <span class='ocrx_word' id='word_1_72' title='bbox 1199 519 1370 555; x_wconf 70' lang='lat' dir='ltr'>exhalatio</span> <span class='ocrx_word' id='word_1_73' title='bbox 1382 519 1436 555; x_wconf 87' lang='lat' dir='ltr'>illa</span> <span class='ocrx_word' id='word_1_74' title='bbox 1444 520 1583 556; x_wconf 77' lang='lat' dir='ltr'>accensa</span> <span class='ocrx_word' id='word_1_75' title='bbox 1592 521 1738 561; x_wconf 76' lang='lat' dir='ltr'>feratur,</span> <span class='ocrx_word' id='word_1_76' title='bbox 1746 522 1889 569; x_wconf 90' lang='lat' dir='ltr'>quando</span> <span class='ocrx_word' id='word_1_77' title='bbox 1898 520 1994 554; x_wconf 86' lang='lat' dir='ltr'>inve-</span> 
     </span>
     <span class='ocr_line' id='line_1_9' title="bbox 271 566 1996 616; baseline -0.001 -12"><span class='ocrx_word' id='word_1_78' title='bbox 271 568 548 605; x_wconf 71' lang='lat' dir='ltr'>nitrelistentiam</span> <span class='ocrx_word' id='word_1_79' title='bbox 560 568 660 602; x_wconf 83' lang='lat' dir='ltr'>nubis</span> <span class='ocrx_word' id='word_1_80' title='bbox 671 567 858 602; x_wconf 77' lang='lat' dir='ltr'>substantiae</span> <span class='ocrx_word' id='word_1_81' title='bbox 869 566 1131 607; x_wconf 73' lang='lat' dir='ltr'>libicontrariae,</span> <span class='ocrx_word' id='word_1_82' title='bbox 1157 570 1444 616; x_wconf 82' lang='lat' dir='ltr'>quandoquidem</span> <span class='ocrx_word' id='word_1_83' title='bbox 1461 569 1602 604; x_wconf 80' lang='lat' dir='ltr'>similem</span> <span class='ocrx_word' id='word_1_84' title='bbox 1617 571 1708 616; x_wconf 88' lang='lat' dir='ltr'>apud</span> <span class='ocrx_word' id='word_1_85' title='bbox 1727 580 1792 604; x_wconf 88' lang='lat' dir='ltr'>nos</span> <span class='ocrx_word' id='word_1_86' title='bbox 1807 571 1996 604; x_wconf 84' lang='lat' dir='ltr'>habeamus</span> 
     </span>
     <span class='ocr_line' id='line_1_10' title="bbox 274 616 1995 665; baseline -0.001 -12"><span class='ocrx_word' id='word_1_87' title='bbox 274 617 519 665; x_wconf 78' lang='lat' dir='ltr'>experientiam</span> <span class='ocrx_word' id='word_1_88' title='bbox 531 617 574 650; x_wconf 82' lang='lat' dir='ltr'>tle</span> <span class='ocrx_word' id='word_1_89' title='bbox 582 616 962 664; x_wconf 76' lang='lat' dir='ltr'>pulveretormentario</span> <span class='ocrx_word' id='word_1_90' title='bbox 973 617 1060 651; x_wconf 82' lang='lat' dir='ltr'>intra</span> <span class='ocrx_word' id='word_1_91' title='bbox 1069 618 1294 651; x_wconf 85' lang='lat' dir='ltr'>bombardam</span> <span class='ocrx_word' id='word_1_92' title='bbox 1313 617 1367 652; x_wconf 76' lang='lat' dir='ltr'>vel</span> <span class='ocrx_word' id='word_1_93' title='bbox 1386 619 1538 652; x_wconf 85' lang='lat' dir='ltr'>chartam</span> <span class='ocrx_word' id='word_1_94' title='bbox 1555 641 1566 657; x_wconf 93' lang='lat'>,</span> <span class='ocrx_word' id='word_1_95' title='bbox 1600 618 1653 652; x_wconf 77' lang='lat' dir='ltr'>vel</span> <span class='ocrx_word' id='word_1_96' title='bbox 1669 618 1759 653; x_wconf 84' lang='lat' dir='ltr'>aliud</span> <span class='ocrx_word' id='word_1_97' title='bbox 1776 629 1904 665; x_wconf 90' lang='lat' dir='ltr'>corpus</span> <span class='ocrx_word' id='word_1_98' title='bbox 1919 628 1995 651; x_wconf 85' lang='lat' dir='ltr'>eru-</span> 
     </span>
     <span class='ocr_line' id='line_1_11' title="bbox 274 663 1996 715; baseline -0.001 -14"><span class='ocrx_word' id='word_1_99' title='bbox 274 667 385 715; x_wconf 88' lang='lat' dir='ltr'>ptioni</span> <span class='ocrx_word' id='word_1_100' title='bbox 395 665 546 701; x_wconf 84' lang='lat' dir='ltr'>relistens</span> <span class='ocrx_word' id='word_1_101' title='bbox 556 663 708 700; x_wconf 72' lang='lat' dir='ltr'>incenso.</span> <span class='ocrx_word' id='word_1_102' title='bbox 758 663 880 699; x_wconf 76' lang='lat' dir='ltr'>Solum</span> <span class='ocrx_word' id='word_1_103' title='bbox 892 663 1031 699; x_wconf 82' lang='lat' dir='ltr'>difficile</span> <span class='ocrx_word' id='word_1_104' title='bbox 1040 676 1194 712; x_wconf 75' lang='lat' dir='ltr'>apparet,</span> <span class='ocrx_word' id='word_1_105' title='bbox 1217 668 1402 712; x_wconf 89' lang='lat' dir='ltr'>quomodo</span> <span class='ocrx_word' id='word_1_106' title='bbox 1412 668 1521 701; x_wconf 88' lang='lat' dir='ltr'>nubes</span> <span class='ocrx_word' id='word_1_107' title='bbox 1531 664 1659 713; x_wconf 78' lang='lat' dir='ltr'>poliint</span> <span class='ocrx_word' id='word_1_108' title='bbox 1673 668 1855 714; x_wconf 74' lang='lat' dir='ltr'>tantopere</span> <span class='ocrx_word' id='word_1_109' title='bbox 1869 665 1996 700; x_wconf 71' lang='lat' dir='ltr'>resiste-</span> 
     </span>
     <span class='ocr_line' id='line_1_12' title="bbox 274 711 1996 761; baseline -0.001 -11"><span class='ocrx_word' id='word_1_110' title='bbox 274 727 322 754; x_wconf 87' lang='lat' dir='ltr'>re,</span> <span class='ocrx_word' id='word_1_111' title='bbox 332 716 413 749; x_wconf 74' lang='lat' dir='ltr'>c&#39;um</span> <span class='ocrx_word' id='word_1_112' title='bbox 430 726 502 748; x_wconf 92' lang='lat' dir='ltr'>non</span> <span class='ocrx_word' id='word_1_113' title='bbox 511 714 693 748; x_wconf 86' lang='lat' dir='ltr'>videantur</span> <span class='ocrx_word' id='word_1_114' title='bbox 701 711 767 747; x_wconf 83' lang='lat' dir='ltr'>esse</span> <span class='ocrx_word' id='word_1_115' title='bbox 775 724 844 747; x_wconf 85' lang='lat' dir='ltr'>tam</span> <span class='ocrx_word' id='word_1_116' title='bbox 855 712 1038 748; x_wconf 81' lang='lat' dir='ltr'>difficulter</span> <span class='ocrx_word' id='word_1_117' title='bbox 1046 714 1282 761; x_wconf 82' lang='lat' dir='ltr'>permeabiles.</span> <span class='ocrx_word' id='word_1_118' title='bbox 1333 715 1400 749; x_wconf 86' lang='lat' dir='ltr'>Sed</span> <span class='ocrx_word' id='word_1_119' title='bbox 1410 715 1484 749; x_wconf 83' lang='lat' dir='ltr'>haec</span> <span class='ocrx_word' id='word_1_120' title='bbox 1494 713 1676 749; x_wconf 82' lang='lat' dir='ltr'>difficultas</span> <span class='ocrx_word' id='word_1_121' title='bbox 1685 715 1785 750; x_wconf 81' lang='lat' dir='ltr'>lacile</span> <span class='ocrx_word' id='word_1_122' title='bbox 1799 715 1996 749; x_wconf 71' lang='lat' dir='ltr'>retunditur</span> 
     </span>
     <span class='ocr_line' id='line_1_13' title="bbox 272 762 2054 810; baseline -0.001 -12"><span class='ocrx_word' id='word_1_123' title='bbox 272 765 307 799; x_wconf 89' lang='lat' dir='ltr'>in</span> <span class='ocrx_word' id='word_1_124' title='bbox 317 763 496 810; x_wconf 86' lang='lat' dir='ltr'>qualitates</span> <span class='ocrx_word' id='word_1_125' title='bbox 505 762 693 797; x_wconf 80' lang='lat' dir='ltr'>contrarias</span> <span class='ocrx_word' id='word_1_126' title='bbox 701 784 710 801; x_wconf 89' lang='lat'>,</span> <span class='ocrx_word' id='word_1_127' title='bbox 726 763 826 796; x_wconf 89' lang='lat' dir='ltr'>nubis</span> <span class='ocrx_word' id='word_1_128' title='bbox 837 763 964 810; x_wconf 74' lang='lat' dir='ltr'>frigidae</span> <span class='ocrx_word' id='word_1_129' title='bbox 973 774 1053 796; x_wconf 92' lang='lat' dir='ltr'>cum</span> <span class='ocrx_word' id='word_1_130' title='bbox 1064 762 1282 809; x_wconf 81' lang='lat' dir='ltr'>qualitatibus</span> <span class='ocrx_word' id='word_1_131' title='bbox 1299 763 1524 797; x_wconf 80' lang='lat' dir='ltr'>exhalationis</span> <span class='ocrx_word' id='word_1_132' title='bbox 1544 764 1661 798; x_wconf 74' lang='lat' dir='ltr'>calidae</span> <span class='ocrx_word' id='word_1_133' title='bbox 1671 763 1705 798; x_wconf 75' lang='grc' dir='ltr'>ὅ(</span> <span class='ocrx_word' id='word_1_134' title='bbox 1716 763 1885 807; x_wconf 79' lang='lat' dir='ltr'>accensae3</span> <span class='ocrx_word' id='word_1_135' title='bbox 1900 771 1996 810; x_wconf 88' lang='lat' dir='ltr'>patet</span> <span class='ocrx_word' id='word_1_136' title='bbox 2052 780 2054 787; x_wconf 61' lang='grc' dir='ltr'><strong><em>ι</em></strong></span> 
     </span>
     <span class='ocr_line' id='line_1_14' title="bbox 272 808 1994 859; baseline -0.001 -12"><span class='ocrx_word' id='word_1_137' title='bbox 272 811 377 858; x_wconf 84' lang='lat' dir='ltr'>hujus</span> <span class='ocrx_word' id='word_1_138' title='bbox 385 811 508 846; x_wconf 76' lang='lat' dir='ltr'>veritas</span> <span class='ocrx_word' id='word_1_139' title='bbox 517 808 774 845; x_wconf 61' lang='lat' dir='ltr'>abindue‘tione</span> <span class='ocrx_word' id='word_1_140' title='bbox 783 809 930 845; x_wconf 88' lang='lat' dir='ltr'>aliorum</span> <span class='ocrx_word' id='word_1_141' title='bbox 942 811 1230 846; x_wconf 80' lang='lat' dir='ltr'>mixtoruminter</span> <span class='ocrx_word' id='word_1_142' title='bbox 1248 811 1279 845; x_wconf 85' lang='lat' dir='ltr'>se</span> <span class='ocrx_word' id='word_1_143' title='bbox 1298 812 1579 847; x_wconf 80' lang='lat' dir='ltr'>contrarietatem</span> <span class='ocrx_word' id='word_1_144' title='bbox 1595 811 1684 846; x_wconf 73' lang='lat' dir='ltr'>adeo</span> <span class='ocrx_word' id='word_1_145' title='bbox 1702 812 1920 859; x_wconf 79' lang='lat' dir='ltr'>pervicacem</span> <span class='ocrx_word' id='word_1_146' title='bbox 1937 821 1994 845; x_wconf 81' lang='lat' dir='ltr'>ex-</span> 
     </span>
     <span class='ocr_line' id='line_1_15' title="bbox 273 858 2054 909; baseline -0.002 -13"><span class='ocrx_word' id='word_1_147' title='bbox 273 858 1046 898; x_wconf 65' lang='lat' dir='ltr'>ementium,ucetiammotulocaliinimicum</span> <span class='ocrx_word' id='word_1_148' title='bbox 1060 858 1261 908; x_wconf 87' lang='lat' dir='ltr'>diffugiant;</span> <span class='ocrx_word' id='word_1_149' title='bbox 1275 859 1317 894; x_wconf 85' lang='lat' dir='ltr'>lic</span> <span class='ocrx_word' id='word_1_150' title='bbox 1327 859 1366 894; x_wconf 71' lang='lat'>1311</span> <span class='ocrx_word' id='word_1_151' title='bbox 1383 860 1418 894; x_wconf 91' lang='lat' dir='ltr'>in</span> <span class='ocrx_word' id='word_1_152' title='bbox 1434 859 1516 909; x_wconf 87' lang='lat' dir='ltr'>igne</span> <span class='ocrx_word' id='word_1_153' title='bbox 1526 859 1619 894; x_wconf 75' lang='lat' dir='ltr'>{altat</span> <span class='ocrx_word' id='word_1_154' title='bbox 1635 860 1670 895; x_wconf 75' lang='grc' dir='ltr'>ὅ(</span> <span class='ocrx_word' id='word_1_155' title='bbox 1687 860 1806 904; x_wconf 81' lang='lat' dir='ltr'>exilit3</span> <span class='ocrx_word' id='word_1_156' title='bbox 1836 859 1996 894; x_wconf 86' lang='lat' dir='ltr'>stannum</span> <span class='ocrx_word' id='word_1_157' title='bbox 2052 874 2054 877; x_wconf 93' lang='lat'>·</span> 
     </span>
     <span class='ocr_line' id='line_1_16' title="bbox 269 907 1997 957; baseline -0.001 -13"><span class='ocrx_word' id='word_1_158' title='bbox 269 921 343 944; x_wconf 87' lang='lat' dir='ltr'>non</span> <span class='ocrx_word' id='word_1_159' title='bbox 353 918 537 957; x_wconf 80' lang='lat' dir='ltr'>purgatum</span> <span class='ocrx_word' id='word_1_160' title='bbox 554 907 669 942; x_wconf 56' lang='lat' dir='ltr'>inlusi</span> <span class='ocrx_word' id='word_1_161' title='bbox 685 908 789 954; x_wconf 61' lang='lat' dir='ltr'>aqui,</span> <span class='ocrx_word' id='word_1_162' title='bbox 808 908 893 942; x_wconf 89' lang='lat' dir='ltr'>dum</span> <span class='ocrx_word' id='word_1_163' title='bbox 902 907 1066 953; x_wconf 74' lang='lat' dir='ltr'>liquescit,</span> <span class='ocrx_word' id='word_1_164' title='bbox 1077 918 1169 942; x_wconf 81' lang='lat' dir='ltr'>extra</span> <span class='ocrx_word' id='word_1_165' title='bbox 1181 919 1237 942; x_wconf 81' lang='lat' dir='ltr'>vas</span> <span class='ocrx_word' id='word_1_166' title='bbox 1247 908 1407 955; x_wconf 80' lang='lat' dir='ltr'>erumpit.</span> <span class='ocrx_word' id='word_1_167' title='bbox 1459 909 1510 943; x_wconf 88' lang='lat' dir='ltr'>Ita</span> <span class='ocrx_word' id='word_1_168' title='bbox 1529 909 1631 943; x_wconf 87' lang='lat' dir='ltr'>etiam</span> <span class='ocrx_word' id='word_1_169' title='bbox 1647 909 1679 944; x_wconf 89' lang='lat' dir='ltr'>S.</span> <span class='ocrx_word' id='word_1_170' title='bbox 1697 909 1904 955; x_wconf 89' lang='lat' dir='ltr'>Hieronym.</span> <span class='ocrx_word' id='word_1_171' title='bbox 1914 907 1997 942; x_wconf 87' lang='lat' dir='ltr'>Pro-</span> 
     </span>
     <span class='ocr_line' id='line_1_17' title="bbox 270 956 1996 1004; baseline -0.002 -12"><span class='ocrx_word' id='word_1_172' title='bbox 270 959 363 992; x_wconf 84' lang='lat' dir='ltr'>verb.</span> <span class='ocrx_word' id='word_1_173' title='bbox 371 968 417 1002; x_wconf 82' lang='lat'>25.</span> <span class='ocrx_word' id='word_1_174' title='bbox 427 968 552 1004; x_wconf 85' lang='lat' dir='ltr'>cap.1o.</span> <span class='ocrx_word' id='word_1_175' title='bbox 563 956 691 1003; x_wconf 84' lang='lat' dir='ltr'>inquit:</span> <span class='ocrx_word' id='word_1_176' title='bbox 706 956 836 990; x_wconf 87' lang='lat' dir='ltr'>nitrum</span> <span class='ocrx_word' id='word_1_177' title='bbox 846 956 1012 1003; x_wconf 81' lang='lat' dir='ltr'>crepitare</span> <span class='ocrx_word' id='word_1_178' title='bbox 1022 957 1056 990; x_wconf 91' lang='lat' dir='ltr'>in</span> <span class='ocrx_word' id='word_1_179' title='bbox 1065 968 1152 1003; x_wconf 85' lang='lat' dir='ltr'>aqua</span> <span class='ocrx_word' id='word_1_180' title='bbox 1170 969 1182 1000; x_wconf 79' lang='lat'><em>3</em></span> <span class='ocrx_word' id='word_1_181' title='bbox 1207 956 1290 991; x_wconf 85' lang='lat' dir='ltr'>ficut</span> <span class='ocrx_word' id='word_1_182' title='bbox 1300 956 1375 991; x_wconf 78' lang='lat' dir='ltr'>calx</span> <span class='ocrx_word' id='word_1_183' title='bbox 1383 957 1478 1001; x_wconf 79' lang='lat' dir='ltr'>viva3</span> <span class='ocrx_word' id='word_1_184' title='bbox 1497 957 1582 992; x_wconf 85' lang='lat' dir='ltr'>ficut</span> <span class='ocrx_word' id='word_1_185' title='bbox 1591 957 1627 992; x_wconf 72' lang='grc' dir='ltr'>ὅ(</span> <span class='ocrx_word' id='word_1_186' title='bbox 1642 957 1736 991; x_wconf 89' lang='lat' dir='ltr'>idern</span> <span class='ocrx_word' id='word_1_187' title='bbox 1743 957 1944 991; x_wconf 85' lang='lat' dir='ltr'>halinitrum</span> <span class='ocrx_word' id='word_1_188' title='bbox 1960 956 1996 990; x_wconf 90' lang='lat' dir='ltr'>in</span> 
     </span>
     <span class='ocr_line' id='line_1_18' title="bbox 272 1003 1996 1055; baseline -0.002 -14"><span class='ocrx_word' id='word_1_189' title='bbox 272 1008 364 1055; x_wconf 78' lang='lat' dir='ltr'>igne.</span> <span class='ocrx_word' id='word_1_190' title='bbox 415 1005 494 1040; x_wconf 77' lang='lat' dir='ltr'>Nec</span> <span class='ocrx_word' id='word_1_191' title='bbox 502 1005 545 1039; x_wconf 84' lang='lat' dir='ltr'>ad</span> <span class='ocrx_word' id='word_1_192' title='bbox 554 1005 731 1039; x_wconf 86' lang='lat' dir='ltr'>edendum</span> <span class='ocrx_word' id='word_1_193' title='bbox 743 1003 865 1038; x_wconf 84' lang='lat' dir='ltr'>sonum</span> <span class='ocrx_word' id='word_1_194' title='bbox 876 1015 1002 1051; x_wconf 91' lang='lat' dir='ltr'>corpus</span> <span class='ocrx_word' id='word_1_195' title='bbox 1012 1005 1138 1039; x_wconf 88' lang='lat' dir='ltr'>durum</span> <span class='ocrx_word' id='word_1_196' title='bbox 1148 1004 1335 1039; x_wconf 72' lang='lat' dir='ltr'>necessario</span> <span class='ocrx_word' id='word_1_197' title='bbox 1348 1006 1542 1052; x_wconf 73' lang='lat' dir='ltr'>requiritur,</span> <span class='ocrx_word' id='word_1_198' title='bbox 1552 1018 1631 1039; x_wconf 85' lang='lat' dir='ltr'>nam</span> <span class='ocrx_word' id='word_1_199' title='bbox 1641 1015 1776 1040; x_wconf 85' lang='lat' dir='ltr'>certum</span> <span class='ocrx_word' id='word_1_200' title='bbox 1786 1004 1850 1044; x_wconf 88' lang='lat' dir='ltr'>est,</span> <span class='ocrx_word' id='word_1_201' title='bbox 1868 1017 1912 1039; x_wconf 82' lang='lat' dir='ltr'>ne</span> <span class='ocrx_word' id='word_1_202' title='bbox 1921 1004 1996 1051; x_wconf 86' lang='lat' dir='ltr'>qui-</span> 
     </span>
     <span class='ocr_line' id='line_1_19' title="bbox 271 1052 1997 1101; baseline -0.002 -12"><span class='ocrx_word' id='word_1_203' title='bbox 271 1057 353 1090; x_wconf 89' lang='lat' dir='ltr'>dem</span> <span class='ocrx_word' id='word_1_204' title='bbox 362 1053 539 1101; x_wconf 81' lang='lat' dir='ltr'>strepitum</span> <span class='ocrx_word' id='word_1_205' title='bbox 548 1053 717 1088; x_wconf 87' lang='lat' dir='ltr'>tormenti</span> <span class='ocrx_word' id='word_1_206' title='bbox 725 1053 744 1087; x_wconf 60' lang='grc' dir='ltr'>δι</span> <span class='ocrx_word' id='word_1_207' title='bbox 753 1053 878 1088; x_wconf 87' lang='lat' dir='ltr'>duritie</span> <span class='ocrx_word' id='word_1_208' title='bbox 886 1052 1015 1088; x_wconf 89' lang='lat' dir='ltr'>metalli</span> <span class='ocrx_word' id='word_1_209' title='bbox 1024 1054 1216 1100; x_wconf 81' lang='lat' dir='ltr'>procedere</span> <span class='ocrx_word' id='word_1_210' title='bbox 1223 1076 1233 1092; x_wconf 95' lang='lat'>,</span> <span class='ocrx_word' id='word_1_211' title='bbox 1249 1053 1304 1087; x_wconf 88' lang='lat' dir='ltr'>sed</span> <span class='ocrx_word' id='word_1_212' title='bbox 1312 1055 1354 1088; x_wconf 86' lang='lat' dir='ltr'>ab</span> <span class='ocrx_word' id='word_1_213' title='bbox 1363 1054 1496 1100; x_wconf 88' lang='lat' dir='ltr'>impetu</span> <span class='ocrx_word' id='word_1_214' title='bbox 1507 1064 1731 1101; x_wconf 85' lang='lat' dir='ltr'>erumpente,</span> <span class='ocrx_word' id='word_1_215' title='bbox 1749 1053 1784 1088; x_wconf 77' lang='grc' dir='ltr'>ἀ</span> <span class='ocrx_word' id='word_1_216' title='bbox 1793 1054 1828 1088; x_wconf 91' lang='lat' dir='ltr'>in</span> <span class='ocrx_word' id='word_1_217' title='bbox 1840 1053 1997 1087; x_wconf 83' lang='lat' dir='ltr'>vicinum</span> 
     </span>
     <span class='ocr_line' id='line_1_20' title="bbox 271 1099 1999 1148; baseline -0.001 -10"><span class='ocrx_word' id='word_1_218' title='bbox 271 1109 387 1138; x_wconf 77' lang='lat' dir='ltr'>aerem</span> <span class='ocrx_word' id='word_1_219' title='bbox 397 1102 608 1140; x_wconf 76' lang='lat' dir='ltr'>incurrente,</span> <span class='ocrx_word' id='word_1_220' title='bbox 617 1101 771 1148; x_wconf 78' lang='lat' dir='ltr'>eumque</span> <span class='ocrx_word' id='word_1_221' title='bbox 781 1099 986 1148; x_wconf 83' lang='lat' dir='ltr'>disjiciente,</span> <span class='ocrx_word' id='word_1_222' title='bbox 995 1113 1076 1136; x_wconf 86' lang='lat' dir='ltr'>nam</span> <span class='ocrx_word' id='word_1_223' title='bbox 1083 1101 1180 1136; x_wconf 88' lang='lat' dir='ltr'>idem</span> <span class='ocrx_word' id='word_1_224' title='bbox 1189 1102 1340 1136; x_wconf 89' lang='lat' dir='ltr'>bombus</span> <span class='ocrx_word' id='word_1_225' title='bbox 1348 1102 1486 1137; x_wconf 85' lang='lat' dir='ltr'>auditur</span> <span class='ocrx_word' id='word_1_226' title='bbox 1493 1103 1550 1137; x_wconf 83' lang='lat' dir='ltr'>seu</span> <span class='ocrx_word' id='word_1_227' title='bbox 1559 1114 1696 1137; x_wconf 84' lang='lat' dir='ltr'>aeneum</span> <span class='ocrx_word' id='word_1_228' title='bbox 1704 1101 1742 1137; x_wconf 83' lang='lat' dir='ltr'>fit</span> <span class='ocrx_word' id='word_1_229' title='bbox 1760 1111 1979 1137; x_wconf 87' lang='lat' dir='ltr'>tormentum</span> <span class='ocrx_word' id='word_1_230' title='bbox 1987 1123 1999 1141; x_wconf 95' lang='lat'>,</span> 
     </span>
     <span class='ocr_line' id='line_1_21' title="bbox 273 1150 795 1189; baseline -0.008 -2"><span class='ocrx_word' id='word_1_231' title='bbox 273 1151 330 1187; x_wconf 90' lang='lat' dir='ltr'>seu</span> <span class='ocrx_word' id='word_1_232' title='bbox 337 1153 488 1186; x_wconf 73' lang='lat' dir='ltr'>ferreum</span> <span class='ocrx_word' id='word_1_233' title='bbox 497 1173 507 1189; x_wconf 93' lang='lat'>,</span> <span class='ocrx_word' id='word_1_234' title='bbox 519 1150 573 1184; x_wconf 89' lang='lat' dir='ltr'>seu</span> <span class='ocrx_word' id='word_1_235' title='bbox 583 1150 795 1186; x_wconf 79' lang='lat' dir='ltr'>coriaceum,</span> 
     </span>
    </p>

    <p class='ocr_par' dir='ltr' id='par_1_4' title="bbox 267 1195 2002 1579">
     <span class='ocr_line' id='line_1_22' title="bbox 364 1195 1999 1238; baseline -0.001 -4"><span class='ocrx_word' id='word_1_236' title='bbox 364 1199 471 1234; x_wconf 79' lang='lat' dir='ltr'>Instat</span> <span class='ocrx_word' id='word_1_237' title='bbox 480 1209 598 1233; x_wconf 85' lang='lat' dir='ltr'>tamen</span> <span class='ocrx_word' id='word_1_238' title='bbox 607 1198 886 1233; x_wconf 88' lang='lat' dir='ltr'>adhucBodinus</span> <span class='ocrx_word' id='word_1_239' title='bbox 895 1197 952 1233; x_wconf 88' lang='lat' dir='ltr'>lib.</span> <span class='ocrx_word' id='word_1_240' title='bbox 960 1210 990 1235; x_wconf 84' lang='lat'>2.</span> <span class='ocrx_word' id='word_1_241' title='bbox 998 1198 1134 1238; x_wconf 81' lang='lat' dir='ltr'>theatri,</span> <span class='ocrx_word' id='word_1_242' title='bbox 1144 1198 1293 1238; x_wconf 89' lang='lat' dir='ltr'>nubem,</span> <span class='ocrx_word' id='word_1_243' title='bbox 1310 1198 1393 1233; x_wconf 83' lang='lat' dir='ltr'>cum</span> <span class='ocrx_word' id='word_1_244' title='bbox 1404 1198 1441 1234; x_wconf 81' lang='lat' dir='ltr'>fit</span> <span class='ocrx_word' id='word_1_245' title='bbox 1447 1195 1611 1233; x_wconf 87' lang='lat' dir='ltr'>rariffima</span> <span class='ocrx_word' id='word_1_246' title='bbox 1626 1198 1663 1234; x_wconf 76' lang='grc' dir='ltr'>ὅ(</span> <span class='ocrx_word' id='word_1_247' title='bbox 1678 1198 1872 1233; x_wconf 78' lang='lat' dir='ltr'>admodum</span> <span class='ocrx_word' id='word_1_248' title='bbox 1889 1196 1979 1232; x_wconf 84' lang='lat' dir='ltr'>fluxa</span> <span class='ocrx_word' id='word_1_249' title='bbox 1987 1220 1999 1237; x_wconf 85' lang='lat'>,</span> 
     </span>
     <span class='ocr_line' id='line_1_23' title="bbox 268 1245 1998 1296; baseline -0.001 -13"><span class='ocrx_word' id='word_1_250' title='bbox 268 1260 343 1284; x_wconf 90' lang='lat' dir='ltr'>non</span> <span class='ocrx_word' id='word_1_251' title='bbox 351 1246 446 1296; x_wconf 73' lang='lat' dir='ltr'>posse</span> <span class='ocrx_word' id='word_1_252' title='bbox 453 1248 590 1282; x_wconf 82' lang='lat' dir='ltr'>tantum</span> <span class='ocrx_word' id='word_1_253' title='bbox 599 1245 746 1281; x_wconf 80' lang='lat' dir='ltr'>flammoe</span> <span class='ocrx_word' id='word_1_254' title='bbox 761 1247 933 1294; x_wconf 89' lang='lat' dir='ltr'>impetum</span> <span class='ocrx_word' id='word_1_255' title='bbox 941 1246 1151 1294; x_wconf 86' lang='lat' dir='ltr'>imprimere,</span> <span class='ocrx_word' id='word_1_256' title='bbox 1159 1257 1198 1281; x_wconf 92' lang='lat' dir='ltr'>ut</span> <span class='ocrx_word' id='word_1_257' title='bbox 1207 1246 1339 1281; x_wconf 90' lang='lat' dir='ltr'>summa</span> <span class='ocrx_word' id='word_1_258' title='bbox 1347 1248 1381 1281; x_wconf 86' lang='lat' dir='ltr'>vi</span> <span class='ocrx_word' id='word_1_259' title='bbox 1396 1257 1601 1294; x_wconf 89' lang='lat' dir='ltr'>torqueatur</span> <span class='ocrx_word' id='word_1_260' title='bbox 1610 1246 1646 1281; x_wconf 88' lang='lat' dir='ltr'>in</span> <span class='ocrx_word' id='word_1_261' title='bbox 1662 1256 1801 1282; x_wconf 87' lang='lat' dir='ltr'>terram.</span> <span class='ocrx_word' id='word_1_262' title='bbox 1845 1246 1998 1294; x_wconf 84' lang='lat' dir='ltr'>Respon-</span> 
     </span>
     <span class='ocr_line' id='line_1_24' title="bbox 270 1294 1998 1342; baseline -0.002 -10"><span class='ocrx_word' id='word_1_263' title='bbox 270 1299 340 1333; x_wconf 88' lang='lat' dir='ltr'>deo</span> <span class='ocrx_word' id='word_1_264' title='bbox 352 1319 362 1336; x_wconf 85' lang='lat'>,</span> <span class='ocrx_word' id='word_1_265' title='bbox 379 1297 413 1331; x_wconf 90' lang='lat' dir='ltr'>id</span> <span class='ocrx_word' id='word_1_266' title='bbox 430 1294 555 1331; x_wconf 83' lang='lat' dir='ltr'>fieriad</span> <span class='ocrx_word' id='word_1_267' title='bbox 580 1296 776 1330; x_wconf 84' lang='lat' dir='ltr'>evitandam</span> <span class='ocrx_word' id='word_1_268' title='bbox 793 1295 1073 1342; x_wconf 83' lang='lat' dir='ltr'>penetrationem</span> <span class='ocrx_word' id='word_1_269' title='bbox 1094 1308 1106 1340; x_wconf 79' lang='lat'>3</span> <span class='ocrx_word' id='word_1_270' title='bbox 1137 1307 1220 1330; x_wconf 90' lang='lat' dir='ltr'>nam</span> <span class='ocrx_word' id='word_1_271' title='bbox 1229 1295 1445 1330; x_wconf 52' lang='lat' dir='ltr'>ezhalatioin</span> <span class='ocrx_word' id='word_1_272' title='bbox 1453 1294 1930 1342; x_wconf 78' lang='lat' dir='ltr'>angustumanubeundique</span> <span class='ocrx_word' id='word_1_273' title='bbox 1946 1294 1998 1330; x_wconf 83' lang='lat' dir='ltr'>sti-</span> 
     </span>
     <span class='ocr_line' id='line_1_25' title="bbox 267 1342 1999 1395; baseline -0.001 -15"><span class='ocrx_word' id='word_1_274' title='bbox 267 1355 374 1395; x_wconf 83' lang='lat' dir='ltr'>pante</span> <span class='ocrx_word' id='word_1_275' title='bbox 383 1344 562 1380; x_wconf 65' lang='lat' dir='ltr'>contrasta</span> <span class='ocrx_word' id='word_1_276' title='bbox 569 1367 580 1384; x_wconf 92' lang='lat'>,</span> <span class='ocrx_word' id='word_1_277' title='bbox 603 1343 639 1379; x_wconf 78' lang='grc' dir='ltr'>ὅ(</span> <span class='ocrx_word' id='word_1_278' title='bbox 647 1344 775 1378; x_wconf 88' lang='lat' dir='ltr'>deinde</span> <span class='ocrx_word' id='word_1_279' title='bbox 784 1353 858 1378; x_wconf 85' lang='lat' dir='ltr'>tota</span> <span class='ocrx_word' id='word_1_280' title='bbox 867 1343 962 1378; x_wconf 86' lang='lat' dir='ltr'>limul</span> <span class='ocrx_word' id='word_1_281' title='bbox 971 1342 1183 1379; x_wconf 81' lang='lat' dir='ltr'>inflammata</span> <span class='ocrx_word' id='word_1_282' title='bbox 1190 1366 1200 1383; x_wconf 90' lang='lat'>,</span> <span class='ocrx_word' id='word_1_283' title='bbox 1209 1353 1279 1379; x_wconf 87' lang='lat' dir='ltr'>tam</span> <span class='ocrx_word' id='word_1_284' title='bbox 1289 1344 1394 1378; x_wconf 87' lang='lat' dir='ltr'>celeri</span> <span class='ocrx_word' id='word_1_285' title='bbox 1401 1343 1540 1380; x_wconf 87' lang='lat' dir='ltr'>rarescit</span> <span class='ocrx_word' id='word_1_286' title='bbox 1548 1353 1648 1378; x_wconf 90' lang='lat' dir='ltr'>motu</span> <span class='ocrx_word' id='word_1_287' title='bbox 1655 1366 1667 1383; x_wconf 90' lang='lat'>,</span> <span class='ocrx_word' id='word_1_288' title='bbox 1686 1354 1727 1379; x_wconf 87' lang='lat' dir='ltr'>ut</span> <span class='ocrx_word' id='word_1_289' title='bbox 1733 1344 1858 1379; x_wconf 70' lang='lat' dir='ltr'>vicina:</span> <span class='ocrx_word' id='word_1_290' title='bbox 1865 1355 1905 1379; x_wconf 89' lang='lat' dir='ltr'>ac</span> <span class='ocrx_word' id='word_1_291' title='bbox 1912 1355 1982 1378; x_wconf 91' lang='lat' dir='ltr'>con</span> <span class='ocrx_word' id='word_1_292' title='bbox 1990 1364 1999 1369; x_wconf 89' lang='lat'><em>-</em></span> 
     </span>
     <span class='ocr_line' id='line_1_26' title="bbox 268 1390 1999 1443; baseline -0.002 -14"><span class='ocrx_word' id='word_1_293' title='bbox 268 1395 372 1443; x_wconf 83' lang='lat' dir='ltr'>tiguae</span> <span class='ocrx_word' id='word_1_294' title='bbox 388 1393 475 1442; x_wconf 82' lang='lat' dir='ltr'>ignis</span> <span class='ocrx_word' id='word_1_295' title='bbox 484 1403 596 1441; x_wconf 86' lang='lat' dir='ltr'>partes</span> <span class='ocrx_word' id='word_1_296' title='bbox 609 1402 702 1427; x_wconf 83' lang='lat' dir='ltr'>tanta</span> <span class='ocrx_word' id='word_1_297' title='bbox 713 1391 931 1427; x_wconf 81' lang='lat' dir='ltr'>festinatione</span> <span class='ocrx_word' id='word_1_298' title='bbox 938 1393 1065 1427; x_wconf 88' lang='lat' dir='ltr'>cedere</span> <span class='ocrx_word' id='word_1_299' title='bbox 1073 1391 1120 1427; x_wconf 90' lang='lat' dir='ltr'>illi</span> <span class='ocrx_word' id='word_1_300' title='bbox 1135 1404 1210 1427; x_wconf 89' lang='lat' dir='ltr'>non</span> <span class='ocrx_word' id='word_1_301' title='bbox 1218 1392 1401 1427; x_wconf 83' lang='lat' dir='ltr'>valeantac</span> <span class='ocrx_word' id='word_1_302' title='bbox 1410 1392 1596 1441; x_wconf 82' lang='lat' dir='ltr'>diffugere,</span> <span class='ocrx_word' id='word_1_303' title='bbox 1610 1393 1694 1439; x_wconf 92' lang='lat' dir='ltr'>quin</span> <span class='ocrx_word' id='word_1_304' title='bbox 1703 1390 1859 1432; x_wconf 88' lang='lat' dir='ltr'>flamma,</span> <span class='ocrx_word' id='word_1_305' title='bbox 1866 1391 1999 1440; x_wconf 67' lang='lat' dir='ltr'>punsto</span> 
     </span>
     <span class='ocr_line' id='line_1_27' title="bbox 267 1439 2002 1489; baseline -0.001 -11"><span class='ocrx_word' id='word_1_306' title='bbox 267 1444 340 1479; x_wconf 70' lang='lat' dir='ltr'>fere</span> <span class='ocrx_word' id='word_1_307' title='bbox 348 1443 517 1489; x_wconf 86' lang='lat' dir='ltr'>temporis</span> <span class='ocrx_word' id='word_1_308' title='bbox 527 1452 596 1476; x_wconf 84' lang='lat' dir='ltr'>tam</span> <span class='ocrx_word' id='word_1_309' title='bbox 608 1439 712 1476; x_wconf 85' lang='lat' dir='ltr'>latam</span> <span class='ocrx_word' id='word_1_310' title='bbox 721 1439 896 1488; x_wconf 79' lang='lat' dir='ltr'>postulans</span> <span class='ocrx_word' id='word_1_311' title='bbox 904 1440 1162 1487; x_wconf 83' lang='lat' dir='ltr'>expanlionem,</span> <span class='ocrx_word' id='word_1_312' title='bbox 1170 1452 1244 1475; x_wconf 92' lang='lat' dir='ltr'>non</span> <span class='ocrx_word' id='word_1_313' title='bbox 1253 1440 1389 1480; x_wconf 80' lang='lat' dir='ltr'>sentiat,</span> <span class='ocrx_word' id='word_1_314' title='bbox 1411 1440 1443 1476; x_wconf 91' lang='lat' dir='ltr'>se</span> <span class='ocrx_word' id='word_1_315' title='bbox 1452 1442 1682 1476; x_wconf 85' lang='lat' dir='ltr'>vehementer</span> <span class='ocrx_word' id='word_1_316' title='bbox 1699 1441 1804 1475; x_wconf 87' lang='lat' dir='ltr'>etiam</span> <span class='ocrx_word' id='word_1_317' title='bbox 1817 1441 1946 1489; x_wconf 91' lang='lat' dir='ltr'>premi,</span> <span class='ocrx_word' id='word_1_318' title='bbox 1961 1451 2002 1476; x_wconf 89' lang='lat' dir='ltr'>ac</span> 
     </span>
     <span class='ocr_line' id='line_1_28' title="bbox 267 1487 1998 1540; baseline -0.002 -14"><span class='ocrx_word' id='word_1_319' title='bbox 267 1491 599 1540; x_wconf 87' lang='lat' dir='ltr'>proindeinnubem</span> <span class='ocrx_word' id='word_1_320' title='bbox 609 1487 685 1536; x_wconf 87' lang='lat' dir='ltr'>jam</span> <span class='ocrx_word' id='word_1_321' title='bbox 693 1500 840 1536; x_wconf 84' lang='lat' dir='ltr'>aqueam</span> <span class='ocrx_word' id='word_1_322' title='bbox 854 1511 866 1530; x_wconf 81' lang='lat'>,</span> <span class='ocrx_word' id='word_1_323' title='bbox 891 1488 1077 1538; x_wconf 81' lang='lat' dir='ltr'>&amp;gravem</span> <span class='ocrx_word' id='word_1_324' title='bbox 1090 1489 1452 1537; x_wconf 85' lang='lat' dir='ltr'>incurrensimpetum</span> <span class='ocrx_word' id='word_1_325' title='bbox 1468 1490 1614 1537; x_wconf 87' lang='lat' dir='ltr'>accipiat</span> <span class='ocrx_word' id='word_1_326' title='bbox 1627 1512 1639 1529; x_wconf 90' lang='lat'>,</span> <span class='ocrx_word' id='word_1_327' title='bbox 1661 1501 1733 1537; x_wconf 89' lang='lat' dir='ltr'>quo</span> <span class='ocrx_word' id='word_1_328' title='bbox 1742 1489 1777 1524; x_wconf 90' lang='lat' dir='ltr'>in</span> <span class='ocrx_word' id='word_1_329' title='bbox 1792 1499 1918 1524; x_wconf 88' lang='lat' dir='ltr'>terram</span> <span class='ocrx_word' id='word_1_330' title='bbox 1934 1490 1998 1524; x_wconf 76' lang='lat' dir='ltr'>fet-</span> 
     </span>
     <span class='ocr_line' id='line_1_29' title="bbox 270 1550 338 1579; baseline -0.015 -3"><span class='ocrx_word' id='word_1_331' title='bbox 270 1550 338 1579; x_wconf 71' lang='lat' dir='ltr'>tur.</span> 
     </span>
    </p>

    <p class='ocr_par' dir='ltr' id='par_1_5' title="bbox 268 1583 2001 1732">
     <span class='ocr_line' id='line_1_30' title="bbox 369 1583 2000 1635; baseline -0.003 -11"><span class='ocrx_word' id='word_1_332' title='bbox 369 1586 693 1635; x_wconf 76' lang='lat' dir='ltr'>Deindelicetignis</span> <span class='ocrx_word' id='word_1_333' title='bbox 708 1585 747 1622; x_wconf 74' lang='grc' dir='ltr'>ὅ(</span> <span class='ocrx_word' id='word_1_334' title='bbox 763 1584 903 1620; x_wconf 83' lang='lat' dir='ltr'>flamma</span> <span class='ocrx_word' id='word_1_335' title='bbox 914 1585 1037 1620; x_wconf 61' lang='lat' dir='ltr'>natura</span> <span class='ocrx_word' id='word_1_336' title='bbox 1053 1584 1109 1620; x_wconf 90' lang='lat' dir='ltr'>sua</span> <span class='ocrx_word' id='word_1_337' title='bbox 1125 1584 1252 1621; x_wconf 88' lang='lat' dir='ltr'>sursum</span> <span class='ocrx_word' id='word_1_338' title='bbox 1269 1587 1448 1627; x_wconf 86' lang='lat' dir='ltr'>tenderet,</span> <span class='ocrx_word' id='word_1_339' title='bbox 1462 1587 1505 1622; x_wconf 92' lang='lat' dir='ltr'>ab</span> <span class='ocrx_word' id='word_1_340' title='bbox 1522 1585 1805 1634; x_wconf 83' lang='lat' dir='ltr'>oppofitatamen</span> <span class='ocrx_word' id='word_1_341' title='bbox 1814 1587 1908 1620; x_wconf 89' lang='lat' dir='ltr'>nube</span> <span class='ocrx_word' id='word_1_342' title='bbox 1916 1583 2000 1620; x_wconf 82' lang='lat' dir='ltr'>cras-</span> 
     </span>
     <span class='ocr_line' id='line_1_31' title="bbox 270 1632 2001 1683; baseline -0.003 -10"><span class='ocrx_word' id='word_1_343' title='bbox 270 1637 356 1673; x_wconf 77' lang='lat' dir='ltr'>fiore</span> <span class='ocrx_word' id='word_1_344' title='bbox 365 1634 722 1683; x_wconf 87' lang='lat' dir='ltr'>deorsumimpellitur</span> <span class='ocrx_word' id='word_1_345' title='bbox 729 1658 739 1674; x_wconf 94' lang='lat'>,</span> <span class='ocrx_word' id='word_1_346' title='bbox 764 1635 897 1670; x_wconf 87' lang='lat' dir='ltr'>nubem</span> <span class='ocrx_word' id='word_1_347' title='bbox 909 1644 991 1669; x_wconf 83' lang='lat' dir='ltr'>vero</span> <span class='ocrx_word' id='word_1_348' title='bbox 1003 1633 1166 1682; x_wconf 86' lang='lat' dir='ltr'>superiori</span> <span class='ocrx_word' id='word_1_349' title='bbox 1176 1645 1272 1682; x_wconf 88' lang='lat' dir='ltr'>parte</span> <span class='ocrx_word' id='word_1_350' title='bbox 1280 1632 1478 1670; x_wconf 80' lang='lat' dir='ltr'>craffiorem</span> <span class='ocrx_word' id='word_1_351' title='bbox 1486 1634 1598 1681; x_wconf 88' lang='lat' dir='ltr'>major</span> <span class='ocrx_word' id='word_1_352' title='bbox 1605 1636 1625 1669; x_wconf 78' lang='lat' dir='ltr'>a</span> <span class='ocrx_word' id='word_1_353' title='bbox 1634 1634 1736 1669; x_wconf 85' lang='lat' dir='ltr'>radiis</span> <span class='ocrx_word' id='word_1_354' title='bbox 1754 1632 1890 1669; x_wconf 79' lang='lat' dir='ltr'>reflexis</span> <span class='ocrx_word' id='word_1_355' title='bbox 1912 1633 2001 1681; x_wconf 80' lang='lat' dir='ltr'>Solis</span> 
     </span>
     <span class='ocr_line' id='line_1_32' title="bbox 268 1680 1850 1732; baseline -0.002 -11"><span class='ocrx_word' id='word_1_356' title='bbox 268 1685 427 1722; x_wconf 86' lang='lat' dir='ltr'>distantia</span> <span class='ocrx_word' id='word_1_357' title='bbox 435 1685 527 1723; x_wconf 86' lang='lat' dir='ltr'>facit,</span> <span class='ocrx_word' id='word_1_358' title='bbox 538 1695 614 1731; x_wconf 86' lang='lat' dir='ltr'>quae</span> <span class='ocrx_word' id='word_1_359' title='bbox 622 1683 730 1732; x_wconf 82' lang='lat' dir='ltr'>frigus</span> <span class='ocrx_word' id='word_1_360' title='bbox 741 1682 916 1723; x_wconf 76' lang='lat' dir='ltr'>intensius,</span> <span class='ocrx_word' id='word_1_361' title='bbox 925 1682 962 1718; x_wconf 77' lang='grc' dir='ltr'>ὅ(</span> <span class='ocrx_word' id='word_1_362' title='bbox 970 1683 1043 1718; x_wconf 85' lang='lat' dir='ltr'>hoc</span> <span class='ocrx_word' id='word_1_363' title='bbox 1052 1680 1220 1729; x_wconf 86' lang='lat' dir='ltr'>majorem</span> <span class='ocrx_word' id='word_1_364' title='bbox 1230 1684 1378 1731; x_wconf 86' lang='lat' dir='ltr'>partium</span> <span class='ocrx_word' id='word_1_365' title='bbox 1392 1683 1703 1718; x_wconf 85' lang='lat' dir='ltr'>condensatiouem</span> <span class='ocrx_word' id='word_1_366' title='bbox 1727 1683 1850 1718; x_wconf 77' lang='lat' dir='ltr'>causat.</span> 
     </span>
    </p>

    <p class='ocr_par' dir='ltr' id='par_1_6' title="bbox 269 1730 2002 1927">
     <span class='ocr_line' id='line_1_33' title="bbox 370 1730 1999 1781; baseline -0.002 -13"><span class='ocrx_word' id='word_1_367' title='bbox 370 1734 515 1781; x_wconf 81' lang='lat' dir='ltr'>Qaeres</span> <span class='ocrx_word' id='word_1_368' title='bbox 522 1739 644 1768; x_wconf 80' lang='lat' dir='ltr'>tamen</span> <span class='ocrx_word' id='word_1_369' title='bbox 652 1754 662 1771; x_wconf 91' lang='lat'>,</span> <span class='ocrx_word' id='word_1_370' title='bbox 672 1742 790 1766; x_wconf 87' lang='lat' dir='ltr'>utrum</span> <span class='ocrx_word' id='word_1_371' title='bbox 799 1731 918 1766; x_wconf 89' lang='lat' dir='ltr'>omnia</span> <span class='ocrx_word' id='word_1_372' title='bbox 925 1730 1071 1766; x_wconf 86' lang='lat' dir='ltr'>fulmina</span> <span class='ocrx_word' id='word_1_373' title='bbox 1079 1731 1288 1768; x_wconf 82' lang='lat' dir='ltr'>descendant</span> <span class='ocrx_word' id='word_1_374' title='bbox 1304 1736 1320 1768; x_wconf 65' lang='grc' dir='ltr'>’.Ι</span> <span class='ocrx_word' id='word_1_375' title='bbox 1347 1731 1556 1779; x_wconf 83' lang='lat' dir='ltr'>Respondeo</span> <span class='ocrx_word' id='word_1_376' title='bbox 1566 1754 1578 1772; x_wconf 85' lang='lat'>,</span> <span class='ocrx_word' id='word_1_377' title='bbox 1605 1731 1844 1767; x_wconf 89' lang='lat' dir='ltr'>communiter</span> <span class='ocrx_word' id='word_1_378' title='bbox 1860 1730 1999 1765; x_wconf 88' lang='lat' dir='ltr'>descen-</span> 
     </span>
     <span class='ocr_line' id='line_1_34' title="bbox 269 1778 1997 1827; baseline -0.003 -9"><span class='ocrx_word' id='word_1_379' title='bbox 269 1784 353 1819; x_wconf 88' lang='lat' dir='ltr'>dere</span> <span class='ocrx_word' id='word_1_380' title='bbox 371 1780 531 1817; x_wconf 81' lang='lat' dir='ltr'>deorsum</span> <span class='ocrx_word' id='word_1_381' title='bbox 539 1804 550 1820; x_wconf 91' lang='lat'>,</span> <span class='ocrx_word' id='word_1_382' title='bbox 576 1781 658 1816; x_wconf 77' lang='lat' dir='ltr'>cum</span> <span class='ocrx_word' id='word_1_383' title='bbox 676 1781 787 1815; x_wconf 87' lang='lat' dir='ltr'>nubes</span> <span class='ocrx_word' id='word_1_384' title='bbox 796 1780 842 1815; x_wconf 93' lang='lat' dir='ltr'>ob</span> <span class='ocrx_word' id='word_1_385' title='bbox 853 1778 980 1815; x_wconf 64' lang='lat' dir='ltr'>dietam</span> <span class='ocrx_word' id='word_1_386' title='bbox 989 1779 1123 1814; x_wconf 89' lang='lat' dir='ltr'>causam</span> <span class='ocrx_word' id='word_1_387' title='bbox 1134 1780 1370 1815; x_wconf 83' lang='lat' dir='ltr'>communiter</span> <span class='ocrx_word' id='word_1_388' title='bbox 1378 1780 1571 1815; x_wconf 80' lang='lat' dir='ltr'>rariorlitin</span> <span class='ocrx_word' id='word_1_389' title='bbox 1579 1790 1675 1827; x_wconf 89' lang='lat' dir='ltr'>parte</span> <span class='ocrx_word' id='word_1_390' title='bbox 1686 1779 1839 1815; x_wconf 87' lang='lat' dir='ltr'>inferiori</span> <span class='ocrx_word' id='word_1_391' title='bbox 1847 1779 1997 1826; x_wconf 75' lang='lat' dir='ltr'>aliquan-</span> 
     </span>
     <span class='ocr_line' id='line_1_35' title="bbox 269 1827 2002 1878; baseline -0.004 -11"><span class='ocrx_word' id='word_1_392' title='bbox 269 1833 318 1867; x_wconf 92' lang='lat' dir='ltr'>do</span> <span class='ocrx_word' id='word_1_393' title='bbox 327 1842 447 1867; x_wconf 87' lang='lat' dir='ltr'>tamen</span> <span class='ocrx_word' id='word_1_394' title='bbox 456 1829 581 1865; x_wconf 85' lang='lat' dir='ltr'>sursum</span> <span class='ocrx_word' id='word_1_395' title='bbox 590 1828 786 1869; x_wconf 84' lang='lat' dir='ltr'>ascendere,</span> <span class='ocrx_word' id='word_1_396' title='bbox 799 1828 941 1876; x_wconf 82' lang='lat' dir='ltr'>quando</span> <span class='ocrx_word' id='word_1_397' title='bbox 950 1827 1078 1864; x_wconf 89' lang='lat' dir='ltr'>scilicet</span> <span class='ocrx_word' id='word_1_398' title='bbox 1087 1829 1133 1863; x_wconf 93' lang='lat' dir='ltr'>ob</span> <span class='ocrx_word' id='word_1_399' title='bbox 1142 1828 1222 1864; x_wconf 87' lang='lat' dir='ltr'>alias</span> <span class='ocrx_word' id='word_1_400' title='bbox 1231 1829 1501 1865; x_wconf 85' lang='lat' dir='ltr'>circumstantias</span> <span class='ocrx_word' id='word_1_401' title='bbox 1512 1829 1707 1878; x_wconf 82' lang='lat' dir='ltr'>contingit,</span> <span class='ocrx_word' id='word_1_402' title='bbox 1725 1838 1765 1863; x_wconf 92' lang='lat' dir='ltr'>ut</span> <span class='ocrx_word' id='word_1_403' title='bbox 1774 1829 1885 1863; x_wconf 89' lang='lat' dir='ltr'>nubes</span> <span class='ocrx_word' id='word_1_404' title='bbox 1895 1827 2002 1861; x_wconf 83' lang='lat' dir='ltr'>rarior</span> 
     </span>
     <span class='ocr_line' id='line_1_36' title="bbox 270 1876 1062 1927; baseline -0.005 -11"><span class='ocrx_word' id='word_1_405' title='bbox 270 1881 310 1916; x_wconf 80' lang='lat' dir='ltr'>fit</span> <span class='ocrx_word' id='word_1_406' title='bbox 319 1891 361 1916; x_wconf 85' lang='lat' dir='ltr'>ex</span> <span class='ocrx_word' id='word_1_407' title='bbox 370 1888 467 1927; x_wconf 85' lang='lat' dir='ltr'>parte</span> <span class='ocrx_word' id='word_1_408' title='bbox 477 1877 658 1925; x_wconf 84' lang='lat' dir='ltr'>superiori,</span> <span class='ocrx_word' id='word_1_409' title='bbox 670 1877 782 1924; x_wconf 85' lang='lat' dir='ltr'>inqua</span> <span class='ocrx_word' id='word_1_410' title='bbox 788 1876 1062 1925; x_wconf 83' lang='lat' dir='ltr'>tuncfrangitur.</span> 
     </span>
    </p>

    <p class='ocr_par' dir='ltr' id='par_1_7' title="bbox 271 1923 2004 2365">
     <span class='ocr_line' id='line_1_37' title="bbox 370 1923 2000 1974; baseline -0.004 -10"><span class='ocrx_word' id='word_1_411' title='bbox 370 1926 561 1964; x_wconf 83' lang='lat' dir='ltr'>Conclulio</span> <span class='ocrx_word' id='word_1_412' title='bbox 571 1926 681 1962; x_wconf 83' lang='lat' dir='ltr'>tertia.</span> <span class='ocrx_word' id='word_1_413' title='bbox 733 1925 879 1960; x_wconf 86' lang='lat' dir='ltr'>Fulmen</span> <span class='ocrx_word' id='word_1_414' title='bbox 887 1925 1060 1960; x_wconf 79' lang='lat' dir='ltr'>ordinarie</span> <span class='ocrx_word' id='word_1_415' title='bbox 1068 1923 1241 1974; x_wconf 83' lang='lat' dir='ltr'>irregulari</span> <span class='ocrx_word' id='word_1_416' title='bbox 1252 1936 1352 1961; x_wconf 90' lang='lat' dir='ltr'>motu</span> <span class='ocrx_word' id='word_1_417' title='bbox 1364 1925 1400 1962; x_wconf 76' lang='grc' dir='ltr'>ὅ(</span> <span class='ocrx_word' id='word_1_418' title='bbox 1408 1926 1550 1973; x_wconf 79' lang='lat' dir='ltr'>oblique</span> <span class='ocrx_word' id='word_1_419' title='bbox 1558 1925 1722 1961; x_wconf 87' lang='lat' dir='ltr'>defertur.</span> <span class='ocrx_word' id='word_1_420' title='bbox 1748 1923 1850 1959; x_wconf 89' lang='lat' dir='ltr'>Ratio</span> <span class='ocrx_word' id='word_1_421' title='bbox 1868 1923 1916 1958; x_wconf 89' lang='lat' dir='ltr'>est</span> <span class='ocrx_word' id='word_1_422' title='bbox 1933 1923 2000 1970; x_wconf 88' lang='lat' dir='ltr'>pri·</span> 
     </span>
     <span class='ocr_line' id='line_1_38' title="bbox 271 1973 1998 2024; baseline -0.003 -12"><span class='ocrx_word' id='word_1_423' title='bbox 271 1989 335 2013; x_wconf 87' lang='lat' dir='ltr'>mo</span> <span class='ocrx_word' id='word_1_424' title='bbox 344 2000 354 2016; x_wconf 91' lang='lat'>,</span> <span class='ocrx_word' id='word_1_425' title='bbox 367 1976 445 2024; x_wconf 84' lang='lat' dir='ltr'>quia</span> <span class='ocrx_word' id='word_1_426' title='bbox 455 1975 543 2023; x_wconf 83' lang='lat' dir='ltr'>ignis</span> <span class='ocrx_word' id='word_1_427' title='bbox 554 1974 612 2010; x_wconf 90' lang='lat' dir='ltr'>hic</span> <span class='ocrx_word' id='word_1_428' title='bbox 630 1975 676 2009; x_wconf 94' lang='lat' dir='ltr'>ob</span> <span class='ocrx_word' id='word_1_429' title='bbox 688 1973 905 2009; x_wconf 82' lang='lat' dir='ltr'>subtilitatem</span> <span class='ocrx_word' id='word_1_430' title='bbox 914 1973 1008 2008; x_wconf 89' lang='lat' dir='ltr'>suam</span> <span class='ocrx_word' id='word_1_431' title='bbox 1022 1973 1122 2008; x_wconf 80' lang='lat' dir='ltr'>facile</span> <span class='ocrx_word' id='word_1_432' title='bbox 1132 1977 1150 2008; x_wconf 77' lang='lat' dir='ltr'>a</span> <span class='ocrx_word' id='word_1_433' title='bbox 1158 1973 1255 2009; x_wconf 73' lang='grc' dir='ltr'>ῐεᾶο</span> <span class='ocrx_word' id='word_1_434' title='bbox 1265 1975 1387 2009; x_wconf 85' lang='lat' dir='ltr'>itinere</span> <span class='ocrx_word' id='word_1_435' title='bbox 1395 1976 1569 2011; x_wconf 85' lang='lat' dir='ltr'>avertitur.</span> <span class='ocrx_word' id='word_1_436' title='bbox 1615 1973 1793 2012; x_wconf 83' lang='lat' dir='ltr'>Secundo,</span> <span class='ocrx_word' id='word_1_437' title='bbox 1802 1973 1880 2019; x_wconf 89' lang='lat' dir='ltr'>quia</span> <span class='ocrx_word' id='word_1_438' title='bbox 1889 1973 1998 2019; x_wconf 79' lang='lat' dir='ltr'>ipliim</span> 
     </span>
     <span class='ocr_line' id='line_1_39' title="bbox 275 2020 2001 2073; baseline -0.003 -12"><span class='ocrx_word' id='word_1_439' title='bbox 275 2026 427 2073; x_wconf 87' lang='lat' dir='ltr'>sequitur</span> <span class='ocrx_word' id='word_1_440' title='bbox 435 2048 445 2063; x_wconf 83' lang='lat'>,</span> <span class='ocrx_word' id='word_1_441' title='bbox 454 2023 622 2072; x_wconf 66' lang='lat' dir='ltr'>praeitque</span> <span class='ocrx_word' id='word_1_442' title='bbox 631 2022 757 2057; x_wconf 84' lang='lat' dir='ltr'>halitus</span> <span class='ocrx_word' id='word_1_443' title='bbox 765 2021 934 2068; x_wconf 86' lang='lat' dir='ltr'>plurimus</span> <span class='ocrx_word' id='word_1_444' title='bbox 943 2021 979 2057; x_wconf 74' lang='grc' dir='ltr'>ὅ(</span> <span class='ocrx_word' id='word_1_445' title='bbox 988 2020 1088 2056; x_wconf 85' lang='lat' dir='ltr'>flatus</span> <span class='ocrx_word' id='word_1_446' title='bbox 1098 2022 1330 2071; x_wconf 74' lang='lat' dir='ltr'>conglobatus</span> <span class='ocrx_word' id='word_1_447' title='bbox 1338 2046 1349 2062; x_wconf 87' lang='lat'>,</span> <span class='ocrx_word' id='word_1_448' title='bbox 1371 2023 1488 2070; x_wconf 77' lang='lat' dir='ltr'>quoin</span> <span class='ocrx_word' id='word_1_449' title='bbox 1497 2022 1603 2057; x_wconf 87' lang='lat' dir='ltr'>varias</span> <span class='ocrx_word' id='word_1_450' title='bbox 1612 2031 1725 2069; x_wconf 82' lang='lat' dir='ltr'>partes</span> <span class='ocrx_word' id='word_1_451' title='bbox 1735 2021 1836 2056; x_wconf 84' lang='lat' dir='ltr'>relilit</span> <span class='ocrx_word' id='word_1_452' title='bbox 1851 2043 1862 2060; x_wconf 98' lang='lat'>,</span> <span class='ocrx_word' id='word_1_453' title='bbox 1889 2030 1928 2056; x_wconf 87' lang='lat' dir='ltr'>ut</span> <span class='ocrx_word' id='word_1_454' title='bbox 1942 2032 2001 2055; x_wconf 91' lang='lat' dir='ltr'>an-</span> 
     </span>
     <span class='ocr_line' id='line_1_40' title="bbox 274 2069 2002 2119; baseline -0.003 -10"><span class='ocrx_word' id='word_1_455' title='bbox 274 2073 412 2110; x_wconf 82' lang='lat' dir='ltr'>notavit</span> <span class='ocrx_word' id='word_1_456' title='bbox 419 2071 582 2107; x_wconf 77' lang='lat' dir='ltr'>Albertus</span> <span class='ocrx_word' id='word_1_457' title='bbox 591 2071 642 2108; x_wconf 80' lang='lat' dir='ltr'>M.</span> <span class='ocrx_word' id='word_1_458' title='bbox 656 2071 692 2106; x_wconf 88' lang='lat' dir='ltr'>in</span> <span class='ocrx_word' id='word_1_459' title='bbox 699 2069 796 2107; x_wconf 51' lang='lat' dir='ltr'>trae}</span> <span class='ocrx_word' id='word_1_460' title='bbox 807 2071 851 2105; x_wconf 85' lang='lat' dir='ltr'>de</span> <span class='ocrx_word' id='word_1_461' title='bbox 859 2069 1006 2105; x_wconf 86' lang='lat' dir='ltr'>fulmine</span> <span class='ocrx_word' id='word_1_462' title='bbox 1015 2071 1304 2119; x_wconf 80' lang='lat' dir='ltr'>cap.21.Analogia</span> <span class='ocrx_word' id='word_1_463' title='bbox 1315 2070 1435 2118; x_wconf 77' lang='lat' dir='ltr'>praesto</span> <span class='ocrx_word' id='word_1_464' title='bbox 1444 2070 1491 2106; x_wconf 90' lang='lat' dir='ltr'>est</span> <span class='ocrx_word' id='word_1_465' title='bbox 1498 2070 1533 2105; x_wconf 92' lang='lat' dir='ltr'>in</span> <span class='ocrx_word' id='word_1_466' title='bbox 1540 2082 1628 2118; x_wconf 86' lang='lat' dir='ltr'>aqua</span> <span class='ocrx_word' id='word_1_467' title='bbox 1638 2081 1682 2104; x_wconf 86' lang='lat' dir='ltr'>ex</span> <span class='ocrx_word' id='word_1_468' title='bbox 1695 2069 1828 2105; x_wconf 87' lang='lat' dir='ltr'>sublimi</span> <span class='ocrx_word' id='word_1_469' title='bbox 1842 2079 1936 2104; x_wconf 90' lang='lat' dir='ltr'>turre</span> <span class='ocrx_word' id='word_1_470' title='bbox 1943 2070 2002 2103; x_wconf 90' lang='lat' dir='ltr'>de-</span> 
     </span>
     <span class='ocr_line' id='line_1_41' title="bbox 274 2117 2001 2170; baseline -0.004 -12"><span class='ocrx_word' id='word_1_471' title='bbox 274 2121 386 2161; x_wconf 79' lang='lat' dir='ltr'>miffa,</span> <span class='ocrx_word' id='word_1_472' title='bbox 403 2133 478 2170; x_wconf 83' lang='lat' dir='ltr'>quae</span> <span class='ocrx_word' id='word_1_473' title='bbox 488 2120 631 2155; x_wconf 85' lang='lat' dir='ltr'>subinde</span> <span class='ocrx_word' id='word_1_474' title='bbox 639 2120 730 2154; x_wconf 85' lang='lat' dir='ltr'>viam</span> <span class='ocrx_word' id='word_1_475' title='bbox 739 2118 906 2166; x_wconf 81' lang='lat' dir='ltr'>obliquat.</span> <span class='ocrx_word' id='word_1_476' title='bbox 955 2118 1096 2158; x_wconf 87' lang='lat' dir='ltr'>Tettio,</span> <span class='ocrx_word' id='word_1_477' title='bbox 1111 2119 1190 2166; x_wconf 86' lang='lat' dir='ltr'>quia</span> <span class='ocrx_word' id='word_1_478' title='bbox 1206 2119 1290 2167; x_wconf 80' lang='lat' dir='ltr'>saepe</span> <span class='ocrx_word' id='word_1_479' title='bbox 1307 2132 1349 2154; x_wconf 82' lang='lat' dir='ltr'>ex</span> <span class='ocrx_word' id='word_1_480' title='bbox 1367 2119 1473 2155; x_wconf 80' lang='lat' dir='ltr'>latere</span> <span class='ocrx_word' id='word_1_481' title='bbox 1486 2120 1587 2154; x_wconf 75' lang='lat' dir='ltr'>nubis</span> <span class='ocrx_word' id='word_1_482' title='bbox 1600 2118 1741 2165; x_wconf 81' lang='lat' dir='ltr'>oblique</span> <span class='ocrx_word' id='word_1_483' title='bbox 1759 2118 1932 2152; x_wconf 84' lang='lat' dir='ltr'>excutitur</span> <span class='ocrx_word' id='word_1_484' title='bbox 1943 2140 1954 2157; x_wconf 90' lang='lat'>,</span> <span class='ocrx_word' id='word_1_485' title='bbox 1979 2117 2001 2151; x_wconf 81' lang='lat' dir='ltr'>fi</span> 
     </span>
     <span class='ocr_line' id='line_1_42' title="bbox 274 2165 2002 2216; baseline -0.003 -10"><span class='ocrx_word' id='word_1_486' title='bbox 274 2171 440 2207; x_wconf 79' lang='lat' dir='ltr'>nimirum</span> <span class='ocrx_word' id='word_1_487' title='bbox 449 2169 533 2204; x_wconf 93' lang='lat' dir='ltr'>illud</span> <span class='ocrx_word' id='word_1_488' title='bbox 543 2169 667 2204; x_wconf 78' lang='lat' dir='ltr'>rarirus</span> <span class='ocrx_word' id='word_1_489' title='bbox 677 2167 735 2203; x_wconf 83' lang='lat' dir='ltr'>est.</span> <span class='ocrx_word' id='word_1_490' title='bbox 788 2168 925 2216; x_wconf 76' lang='lat' dir='ltr'>Quarto</span> <span class='ocrx_word' id='word_1_491' title='bbox 936 2167 1099 2215; x_wconf 88' lang='lat' dir='ltr'>denique,</span> <span class='ocrx_word' id='word_1_492' title='bbox 1109 2178 1147 2202; x_wconf 91' lang='lat' dir='ltr'>ut</span> <span class='ocrx_word' id='word_1_493' title='bbox 1156 2168 1263 2202; x_wconf 89' lang='lat' dir='ltr'>docet</span> <span class='ocrx_word' id='word_1_494' title='bbox 1269 2168 1404 2203; x_wconf 86' lang='lat' dir='ltr'>Seneca</span> <span class='ocrx_word' id='word_1_495' title='bbox 1412 2168 1469 2205; x_wconf 90' lang='lat' dir='ltr'>lib.</span> <span class='ocrx_word' id='word_1_496' title='bbox 1478 2181 1508 2203; x_wconf 89' lang='lat'>2.</span> <span class='ocrx_word' id='word_1_497' title='bbox 1519 2178 1630 2202; x_wconf 87' lang='lat' dir='ltr'>natur.</span> <span class='ocrx_word' id='word_1_498' title='bbox 1639 2167 1753 2214; x_wconf 80' lang='lat' dir='ltr'>quaest.</span> <span class='ocrx_word' id='word_1_499' title='bbox 1769 2178 1843 2214; x_wconf 89' lang='lat' dir='ltr'>cap.</span> <span class='ocrx_word' id='word_1_500' title='bbox 1857 2172 1910 2207; x_wconf 79' lang='lat'>28,</span> <span class='ocrx_word' id='word_1_501' title='bbox 1922 2165 2002 2213; x_wconf 87' lang='lat' dir='ltr'>quia</span> 
     </span>
     <span class='ocr_line' id='line_1_43' title="bbox 276 2212 2002 2267; baseline -0.003 -12"><span class='ocrx_word' id='word_1_502' title='bbox 276 2230 398 2255; x_wconf 86' lang='lat' dir='ltr'>natura</span> <span class='ocrx_word' id='word_1_503' title='bbox 413 2218 501 2267; x_wconf 82' lang='lat' dir='ltr'>ignis</span> <span class='ocrx_word' id='word_1_504' title='bbox 510 2217 636 2252; x_wconf 85' lang='lat' dir='ltr'>sursum</span> <span class='ocrx_word' id='word_1_505' title='bbox 644 2225 769 2256; x_wconf 83' lang='lat' dir='ltr'>vocat,</span> <span class='ocrx_word' id='word_1_506' title='bbox 792 2217 862 2256; x_wconf 82' lang='lat' dir='ltr'>vis,</span> <span class='ocrx_word' id='word_1_507' title='bbox 884 2228 952 2263; x_wconf 89' lang='lat' dir='ltr'>qua</span> <span class='ocrx_word' id='word_1_508' title='bbox 975 2216 994 2250; x_wconf 80' lang='grc' dir='ltr'>ἐ</span> <span class='ocrx_word' id='word_1_509' title='bbox 1010 2216 1104 2250; x_wconf 89' lang='lat' dir='ltr'>nube</span> <span class='ocrx_word' id='word_1_510' title='bbox 1118 2213 1272 2262; x_wconf 69' lang='lat' dir='ltr'>dejeecus</span> <span class='ocrx_word' id='word_1_511' title='bbox 1288 2216 1352 2252; x_wconf 84' lang='lat' dir='ltr'>fuit</span> <span class='ocrx_word' id='word_1_512' title='bbox 1364 2240 1374 2255; x_wconf 83' lang='lat'>,</span> <span class='ocrx_word' id='word_1_513' title='bbox 1405 2216 1441 2252; x_wconf 73' lang='grc' dir='ltr'>ὅ(</span> <span class='ocrx_word' id='word_1_514' title='bbox 1457 2216 1686 2252; x_wconf 82' lang='lat' dir='ltr'>exhalationis</span> <span class='ocrx_word' id='word_1_515' title='bbox 1700 2212 1885 2251; x_wconf 81' lang='lat' dir='ltr'>crassitudo</span> <span class='ocrx_word' id='word_1_516' title='bbox 1901 2216 2002 2249; x_wconf 88' lang='lat' dir='ltr'>deor-</span> 
     </span>
     <span class='ocr_line' id='line_1_44' title="bbox 277 2263 2004 2315; baseline -0.004 -11"><span class='ocrx_word' id='word_1_517' title='bbox 277 2268 350 2304; x_wconf 91' lang='lat' dir='ltr'>sum</span> <span class='ocrx_word' id='word_1_518' title='bbox 360 2267 507 2315; x_wconf 83' lang='lat' dir='ltr'>premit3</span> <span class='ocrx_word' id='word_1_519' title='bbox 533 2276 636 2313; x_wconf 85' lang='lat' dir='ltr'>atque</span> <span class='ocrx_word' id='word_1_520' title='bbox 645 2266 691 2300; x_wconf 83' lang='lat' dir='ltr'>ita</span> <span class='ocrx_word' id='word_1_521' title='bbox 701 2288 713 2305; x_wconf 89' lang='lat'>,</span> <span class='ocrx_word' id='word_1_522' title='bbox 728 2265 812 2300; x_wconf 88' lang='lat' dir='ltr'>dum</span> <span class='ocrx_word' id='word_1_523' title='bbox 819 2275 944 2299; x_wconf 87' lang='lat' dir='ltr'>neutra</span> <span class='ocrx_word' id='word_1_524' title='bbox 952 2263 1002 2299; x_wconf 87' lang='lat' dir='ltr'>vis</span> <span class='ocrx_word' id='word_1_525' title='bbox 1011 2263 1106 2299; x_wconf 84' lang='lat' dir='ltr'>alteri</span> <span class='ocrx_word' id='word_1_526' title='bbox 1119 2264 1230 2304; x_wconf 90' lang='lat' dir='ltr'>cedit,</span> <span class='ocrx_word' id='word_1_527' title='bbox 1242 2265 1438 2303; x_wconf 43' lang='lat' dir='ltr'>medias-izi,</span> <span class='ocrx_word' id='word_1_528' title='bbox 1456 2265 1491 2299; x_wconf 91' lang='lat' dir='ltr'>id</span> <span class='ocrx_word' id='word_1_529' title='bbox 1506 2264 1571 2304; x_wconf 89' lang='lat' dir='ltr'>est,</span> <span class='ocrx_word' id='word_1_530' title='bbox 1586 2263 1729 2312; x_wconf 76' lang='lat' dir='ltr'>oblique</span> <span class='ocrx_word' id='word_1_531' title='bbox 1741 2264 1867 2302; x_wconf 86' lang='lat' dir='ltr'>fertur,</span> <span class='ocrx_word' id='word_1_532' title='bbox 1886 2264 2004 2298; x_wconf 90' lang='lat' dir='ltr'>donec</span> 
     </span>
     <span class='ocr_line' id='line_1_45' title="bbox 277 2311 2003 2365; baseline -0.003 -13"><span class='ocrx_word' id='word_1_533' title='bbox 277 2316 371 2352; x_wconf 70' lang='lat' dir='ltr'>vi&amp;o</span> <span class='ocrx_word' id='word_1_534' title='bbox 381 2314 657 2365; x_wconf 83' lang='lat' dir='ltr'>ignisconatuad</span> <span class='ocrx_word' id='word_1_535' title='bbox 665 2323 771 2349; x_wconf 86' lang='lat' dir='ltr'>terras</span> <span class='ocrx_word' id='word_1_536' title='bbox 782 2312 970 2348; x_wconf 85' lang='lat' dir='ltr'>descendit.</span> <span class='ocrx_word' id='word_1_537' title='bbox 1022 2313 1112 2360; x_wconf 71' lang='lat' dir='ltr'>Qec</span> <span class='ocrx_word' id='word_1_538' title='bbox 1122 2312 1295 2353; x_wconf 86' lang='lat' dir='ltr'>causaest,</span> <span class='ocrx_word' id='word_1_539' title='bbox 1311 2326 1372 2349; x_wconf 88' lang='lat' dir='ltr'>cur</span> <span class='ocrx_word' id='word_1_540' title='bbox 1389 2324 1499 2348; x_wconf 87' lang='lat' dir='ltr'>turres</span> <span class='ocrx_word' id='word_1_541' title='bbox 1515 2336 1526 2353; x_wconf 94' lang='lat'>,</span> <span class='ocrx_word' id='word_1_542' title='bbox 1555 2313 1591 2348; x_wconf 71' lang='grc' dir='ltr'>ὅ(</span> <span class='ocrx_word' id='word_1_543' title='bbox 1604 2312 1670 2348; x_wconf 78' lang='lat' dir='ltr'>alta</span> <span class='ocrx_word' id='word_1_544' title='bbox 1691 2311 1872 2348; x_wconf 87' lang='lat' dir='ltr'>cacumina</span> <span class='ocrx_word' id='word_1_545' title='bbox 1886 2311 2003 2358; x_wconf 76' lang='lat' dir='ltr'>saepius</span> 
     </span>
    </p>

    <p class='ocr_par' dir='ltr' id='par_1_8' title="bbox 277 2359 2005 2499">
     <span class='ocr_line' id='line_1_46' title="bbox 282 2359 2004 2412; baseline -0.004 -11"><span class='ocrx_word' id='word_1_546' title='bbox 282 2366 392 2404; x_wconf 83' lang='lat' dir='ltr'>feriat,</span> <span class='ocrx_word' id='word_1_547' title='bbox 401 2365 506 2412; x_wconf 66' lang='lat' dir='ltr'>quam</span> <span class='ocrx_word' id='word_1_548' title='bbox 516 2374 590 2410; x_wconf 80' lang='lat' dir='ltr'>quae</span> <span class='ocrx_word' id='word_1_549' title='bbox 603 2363 637 2397; x_wconf 92' lang='lat' dir='ltr'>in</span> <span class='ocrx_word' id='word_1_550' title='bbox 646 2361 770 2397; x_wconf 89' lang='lat' dir='ltr'>humili</span> <span class='ocrx_word' id='word_1_551' title='bbox 779 2361 860 2396; x_wconf 93' lang='lat' dir='ltr'>loco</span> <span class='ocrx_word' id='word_1_552' title='bbox 874 2360 1071 2400; x_wconf 69' lang='lat' dir='ltr'>consistunt,</span> <span class='ocrx_word' id='word_1_553' title='bbox 1077 2359 1177 2407; x_wconf 85' lang='lat' dir='ltr'>juxta</span> <span class='ocrx_word' id='word_1_554' title='bbox 1186 2362 1304 2397; x_wconf 87' lang='lat' dir='ltr'>tritum</span> <span class='ocrx_word' id='word_1_555' title='bbox 1320 2375 1329 2396; x_wconf 71' lang='grc' dir='ltr'><strong><em>ι</em></strong></span> <span class='ocrx_word' id='word_1_556' title='bbox 1358 2366 1478 2395; x_wconf 71' lang='lat' dir='ltr'>feriunt</span> <span class='ocrx_word' id='word_1_557' title='bbox 1487 2362 1756 2406; x_wconf 67' lang='lat' dir='ltr'>ficmmosfulnntu</span> <span class='ocrx_word' id='word_1_558' title='bbox 1767 2371 1886 2397; x_wconf 80' lang='lat' dir='ltr'>montes,</span> <span class='ocrx_word' id='word_1_559' title='bbox 1908 2360 2004 2395; x_wconf 78' lang='lat' dir='ltr'>Cum</span> 
     </span>
     <span class='ocr_line' id='line_1_47' title="bbox 282 2407 2005 2461; baseline -0.003 -12"><span class='ocrx_word' id='word_1_560' title='bbox 282 2414 377 2450; x_wconf 88' lang='lat' dir='ltr'>enim</span> <span class='ocrx_word' id='word_1_561' title='bbox 388 2409 685 2461; x_wconf 43' lang='lat' dir='ltr'>‚perpendicularis</span> <span class='ocrx_word' id='word_1_562' title='bbox 701 2410 796 2445; x_wconf 87' lang='lat' dir='ltr'>linea</span> <span class='ocrx_word' id='word_1_563' title='bbox 811 2410 831 2445; x_wconf 80' lang='grc' dir='ltr'>ἐ</span> <span class='ocrx_word' id='word_1_564' title='bbox 849 2409 942 2445; x_wconf 88' lang='lat' dir='ltr'>coelo</span> <span class='ocrx_word' id='word_1_565' title='bbox 953 2410 1056 2445; x_wconf 85' lang='lat' dir='ltr'>unica</span> <span class='ocrx_word' id='word_1_566' title='bbox 1069 2432 1080 2450; x_wconf 88' lang='lat'>,</span> <span class='ocrx_word' id='word_1_567' title='bbox 1100 2409 1256 2446; x_wconf 84' lang='lat' dir='ltr'>adlatera</span> <span class='ocrx_word' id='word_1_568' title='bbox 1263 2423 1346 2447; x_wconf 90' lang='lat' dir='ltr'>vero</span> <span class='ocrx_word' id='word_1_569' title='bbox 1357 2411 1412 2445; x_wconf 85' lang='lat' dir='ltr'>seu</span> <span class='ocrx_word' id='word_1_570' title='bbox 1422 2409 1636 2445; x_wconf 85' lang='lat' dir='ltr'>diametrales</span> <span class='ocrx_word' id='word_1_571' title='bbox 1655 2408 1737 2444; x_wconf 89' lang='lat' dir='ltr'>duci</span> <span class='ocrx_word' id='word_1_572' title='bbox 1752 2407 1891 2456; x_wconf 85' lang='lat' dir='ltr'>possunt</span> <span class='ocrx_word' id='word_1_573' title='bbox 1903 2408 2005 2444; x_wconf 87' lang='lat' dir='ltr'>innu—</span> 
     </span>
     <span class='ocr_line' id='line_1_48' title="bbox 277 2473 393 2499; baseline 0.009 -1"><span class='ocrx_word' id='word_1_574' title='bbox 277 2473 393 2499; x_wconf 74' lang='lat' dir='ltr'>merae.</span> 
     </span>
    </p>

    <p class='ocr_par' dir='ltr' id='par_1_9' title="bbox 279 2504 2008 2846">
     <span class='ocr_line' id='line_1_49' title="bbox 376 2504 2006 2558; baseline -0.004 -13"><span class='ocrx_word' id='word_1_575' title='bbox 376 2511 542 2558; x_wconf 68' lang='lat' dir='ltr'>Quaeres:</span> <span class='ocrx_word' id='word_1_576' title='bbox 555 2508 594 2543; x_wconf 69' lang='lat' dir='ltr'>vin</span> <span class='ocrx_word' id='word_1_577' title='bbox 603 2519 674 2556; x_wconf 90' lang='lat' dir='ltr'>quo</span> <span class='ocrx_word' id='word_1_578' title='bbox 683 2506 882 2546; x_wconf 82' lang='lat' dir='ltr'>conveniat,</span> <span class='ocrx_word' id='word_1_579' title='bbox 898 2506 934 2542; x_wconf 73' lang='grc' dir='ltr'>ὅ(</span> <span class='ocrx_word' id='word_1_580' title='bbox 943 2506 978 2541; x_wconf 93' lang='lat' dir='ltr'>in</span> <span class='ocrx_word' id='word_1_581' title='bbox 988 2517 1059 2553; x_wconf 88' lang='lat' dir='ltr'>quo</span> <span class='ocrx_word' id='word_1_582' title='bbox 1070 2505 1205 2541; x_wconf 85' lang='lat' dir='ltr'>differat</span> <span class='ocrx_word' id='word_1_583' title='bbox 1213 2505 1346 2541; x_wconf 90' lang='lat' dir='ltr'>fulmen</span> <span class='ocrx_word' id='word_1_584' title='bbox 1355 2507 1373 2541; x_wconf 75' lang='lat' dir='ltr'>a</span> <span class='ocrx_word' id='word_1_585' title='bbox 1382 2505 1582 2542; x_wconf 89' lang='lat' dir='ltr'>bombardis</span> <span class='ocrx_word' id='word_1_586' title='bbox 1596 2527 1607 2545; x_wconf 92' lang='lat'>,</span> <span class='ocrx_word' id='word_1_587' title='bbox 1643 2504 1680 2541; x_wconf 70' lang='grc' dir='ltr'>ὃς</span> <span class='ocrx_word' id='word_1_588' title='bbox 1699 2504 1874 2539; x_wconf 86' lang='lat' dir='ltr'>fulmineis</span> <span class='ocrx_word' id='word_1_589' title='bbox 1881 2504 2006 2540; x_wconf 87' lang='lat' dir='ltr'>nostris</span> 
     </span>
     <span class='ocr_line' id='line_1_50' title="bbox 281 2552 2005 2605; baseline -0.003 -11"><span class='ocrx_word' id='word_1_590' title='bbox 281 2557 491 2596; x_wconf 69' lang='lat' dir='ltr'>tormentis?</span> <span class='ocrx_word' id='word_1_591' title='bbox 517 2568 592 2605; x_wconf 87' lang='lat' dir='ltr'>quae</span> <span class='ocrx_word' id='word_1_592' title='bbox 606 2566 688 2592; x_wconf 89' lang='lat' dir='ltr'>ante</span> <span class='ocrx_word' id='word_1_593' title='bbox 703 2565 880 2591; x_wconf 85' lang='lat' dir='ltr'>trecentos</span> <span class='ocrx_word' id='word_1_594' title='bbox 896 2554 999 2602; x_wconf 91' lang='lat' dir='ltr'>paulo</span> <span class='ocrx_word' id='word_1_595' title='bbox 1014 2555 1131 2590; x_wconf 91' lang='lat' dir='ltr'>minus</span> <span class='ocrx_word' id='word_1_596' title='bbox 1141 2565 1254 2589; x_wconf 90' lang='lat' dir='ltr'>annos</span> <span class='ocrx_word' id='word_1_597' title='bbox 1267 2554 1401 2590; x_wconf 88' lang='lat' dir='ltr'>invenit</span> <span class='ocrx_word' id='word_1_598' title='bbox 1415 2553 1625 2591; x_wconf 89' lang='lat' dir='ltr'>Bertholdus</span> <span class='ocrx_word' id='word_1_599' title='bbox 1642 2553 1783 2601; x_wconf 90' lang='lat' dir='ltr'>quidam</span> <span class='ocrx_word' id='word_1_600' title='bbox 1792 2552 2005 2593; x_wconf 87' lang='lat' dir='ltr'>Scurrarsus,</span> 
     </span>
     <span class='ocr_line' id='line_1_51' title="bbox 281 2602 2005 2651; baseline -0.004 -8"><span class='ocrx_word' id='word_1_601' title='bbox 281 2608 485 2644; x_wconf 85' lang='lat' dir='ltr'>Monachus</span> <span class='ocrx_word' id='word_1_602' title='bbox 500 2605 763 2644; x_wconf 86' lang='lat' dir='ltr'>Germanus,ut</span> <span class='ocrx_word' id='word_1_603' title='bbox 770 2604 815 2639; x_wconf 88' lang='lat' dir='ltr'>ait</span> <span class='ocrx_word' id='word_1_604' title='bbox 825 2602 925 2638; x_wconf 86' lang='lat' dir='ltr'>Pater</span> <span class='ocrx_word' id='word_1_605' title='bbox 933 2604 977 2638; x_wconf 90' lang='lat' dir='ltr'>de</span> <span class='ocrx_word' id='word_1_606' title='bbox 988 2603 1132 2638; x_wconf 90' lang='lat' dir='ltr'>Rhodes</span> <span class='ocrx_word' id='word_1_607' title='bbox 1142 2625 1153 2643; x_wconf 84' lang='lat'>‚</span> <span class='ocrx_word' id='word_1_608' title='bbox 1168 2602 1415 2651; x_wconf 44' lang='lat' dir='ltr'>Phil.Peripatt</span> <span class='ocrx_word' id='word_1_609' title='bbox 1424 2603 1447 2638; x_wconf 89' lang='lat' dir='ltr'>l.</span> <span class='ocrx_word' id='word_1_610' title='bbox 1460 2616 1492 2641; x_wconf 83' lang='lat'>2.</span> <span class='ocrx_word' id='word_1_611' title='bbox 1512 2604 1556 2638; x_wconf 92' lang='lat' dir='ltr'>D.</span> <span class='ocrx_word' id='word_1_612' title='bbox 1572 2614 1609 2647; x_wconf 80' lang='lat'>13·</span> <span class='ocrx_word' id='word_1_613' title='bbox 1626 2614 1658 2649; x_wconf 92' lang='lat' dir='ltr'>q.</span> <span class='ocrx_word' id='word_1_614' title='bbox 1667 2615 1698 2639; x_wconf 88' lang='lat'>2.</span> <span class='ocrx_word' id='word_1_615' title='bbox 1712 2602 1788 2637; x_wconf 85' lang='lat' dir='ltr'>Sec.</span> <span class='ocrx_word' id='word_1_616' title='bbox 1805 2614 1837 2639; x_wconf 82' lang='lat'>2.</span> <span class='ocrx_word' id='word_1_617' title='bbox 1847 2602 1882 2636; x_wconf 92' lang='lat' dir='ltr'>in</span> <span class='ocrx_word' id='word_1_618' title='bbox 1891 2602 2005 2649; x_wconf 86' lang='lat' dir='ltr'>perni-</span> 
     </span>
     <span class='ocr_line' id='line_1_52' title="bbox 282 2650 2005 2700; baseline -0.003 -9"><span class='ocrx_word' id='word_1_619' title='bbox 282 2657 372 2692; x_wconf 91' lang='lat' dir='ltr'>ciem</span> <span class='ocrx_word' id='word_1_620' title='bbox 384 2655 476 2690; x_wconf 85' lang='lat' dir='ltr'>orbis</span> <span class='ocrx_word' id='word_1_621' title='bbox 484 2652 675 2692; x_wconf 69' lang='lat' dir='ltr'>terrarum}</span> <span class='ocrx_word' id='word_1_622' title='bbox 701 2651 902 2700; x_wconf 89' lang='lat' dir='ltr'>Respondet</span> <span class='ocrx_word' id='word_1_623' title='bbox 910 2651 1090 2700; x_wconf 85' lang='lat' dir='ltr'>quaestioni</span> <span class='ocrx_word' id='word_1_624' title='bbox 1101 2651 1184 2687; x_wconf 90' lang='lat' dir='ltr'>huic</span> <span class='ocrx_word' id='word_1_625' title='bbox 1192 2651 1286 2686; x_wconf 92' lang='lat' dir='ltr'>idem</span> <span class='ocrx_word' id='word_1_626' title='bbox 1295 2652 1352 2689; x_wconf 88' lang='lat' dir='ltr'>cit.</span> <span class='ocrx_word' id='word_1_627' title='bbox 1362 2653 1504 2687; x_wconf 83' lang='lat' dir='ltr'>Author</span> <span class='ocrx_word' id='word_1_628' title='bbox 1512 2674 1523 2692; x_wconf 92' lang='lat'>,</span> <span class='ocrx_word' id='word_1_629' title='bbox 1540 2650 1576 2686; x_wconf 75' lang='grc' dir='ltr'>ὅ(</span> <span class='ocrx_word' id='word_1_630' title='bbox 1593 2651 1701 2686; x_wconf 89' lang='lat' dir='ltr'>docet</span> <span class='ocrx_word' id='word_1_631' title='bbox 1708 2650 1823 2698; x_wconf 90' lang='lat' dir='ltr'>primo</span> <span class='ocrx_word' id='word_1_632' title='bbox 1832 2672 1844 2690; x_wconf 97' lang='lat'>,</span> <span class='ocrx_word' id='word_1_633' title='bbox 1862 2661 1901 2685; x_wconf 89' lang='lat' dir='ltr'>ea</span> <span class='ocrx_word' id='word_1_634' title='bbox 1919 2661 2005 2685; x_wconf 89' lang='lat' dir='ltr'>con-</span> 
     </span>
     <span class='ocr_line' id='line_1_53' title="bbox 279 2697 2005 2748; baseline -0.005 -8"><span class='ocrx_word' id='word_1_635' title='bbox 279 2704 397 2741; x_wconf 78' lang='lat' dir='ltr'>venire</span> <span class='ocrx_word' id='word_1_636' title='bbox 406 2704 441 2737; x_wconf 91' lang='lat' dir='ltr'>in</span> <span class='ocrx_word' id='word_1_637' title='bbox 450 2714 550 2738; x_wconf 86' lang='lat' dir='ltr'>motu</span> <span class='ocrx_word' id='word_1_638' title='bbox 564 2702 600 2738; x_wconf 84' lang='lat'>&amp;</span> <span class='ocrx_word' id='word_1_639' title='bbox 608 2701 802 2746; x_wconf 83' lang='lat' dir='ltr'>celeritate;</span> <span class='ocrx_word' id='word_1_640' title='bbox 825 2712 908 2736; x_wconf 88' lang='lat' dir='ltr'>nam</span> <span class='ocrx_word' id='word_1_641' title='bbox 919 2700 1003 2736; x_wconf 83' lang='lat' dir='ltr'>sicut</span> <span class='ocrx_word' id='word_1_642' title='bbox 1013 2700 1148 2736; x_wconf 87' lang='lat' dir='ltr'>fulmen</span> <span class='ocrx_word' id='word_1_643' title='bbox 1157 2697 1302 2736; x_wconf 84' lang='lat' dir='ltr'>validiffi</span> <span class='ocrx_word' id='word_1_644' title='bbox 1305 2712 1365 2735; x_wconf 90' lang='lat' dir='ltr'>mo</span> <span class='ocrx_word' id='word_1_645' title='bbox 1375 2701 1525 2748; x_wconf 86' lang='lat' dir='ltr'>impetu,</span> <span class='ocrx_word' id='word_1_646' title='bbox 1533 2698 1568 2734; x_wconf 75' lang='lat' dir='ltr'>&lt;St</span> <span class='ocrx_word' id='word_1_647' title='bbox 1578 2700 1685 2734; x_wconf 85' lang='lat' dir='ltr'>boatu</span> <span class='ocrx_word' id='word_1_648' title='bbox 1693 2710 1823 2747; x_wconf 84' lang='lat' dir='ltr'>magno</span> <span class='ocrx_word' id='word_1_649' title='bbox 1832 2699 1868 2733; x_wconf 89' lang='lat' dir='ltr'>in</span> <span class='ocrx_word' id='word_1_650' title='bbox 1878 2708 2005 2733; x_wconf 87' lang='lat' dir='ltr'>terram</span> 
     </span>
     <span class='ocr_line' id='line_1_54' title="bbox 279 2746 2008 2798; baseline -0.003 -11"><span class='ocrx_word' id='word_1_651' title='bbox 279 2753 433 2789; x_wconf 80' lang='lat' dir='ltr'>vibratur</span> <span class='ocrx_word' id='word_1_652' title='bbox 442 2752 460 2786; x_wconf 80' lang='lat' dir='ltr'>e</span> <span class='ocrx_word' id='word_1_653' title='bbox 470 2751 638 2795; x_wconf 87' lang='lat' dir='ltr'>nubibus;</span> <span class='ocrx_word' id='word_1_654' title='bbox 663 2750 707 2785; x_wconf 81' lang='lat' dir='ltr'>lic</span> <span class='ocrx_word' id='word_1_655' title='bbox 720 2749 893 2798; x_wconf 68' lang='lat' dir='ltr'>pleraecjue</span> <span class='ocrx_word' id='word_1_656' title='bbox 901 2749 1072 2784; x_wconf 83' lang='lat' dir='ltr'>machinae</span> <span class='ocrx_word' id='word_1_657' title='bbox 1081 2760 1142 2797; x_wconf 91' lang='lat' dir='ltr'>per</span> <span class='ocrx_word' id='word_1_658' title='bbox 1152 2749 1308 2796; x_wconf 89' lang='lat' dir='ltr'>quinque</span> <span class='ocrx_word' id='word_1_659' title='bbox 1325 2748 1481 2796; x_wconf 76' lang='lat' dir='ltr'>passuum</span> <span class='ocrx_word' id='word_1_660' title='bbox 1498 2747 1602 2782; x_wconf 85' lang='lat' dir='ltr'>millia</span> <span class='ocrx_word' id='word_1_661' title='bbox 1619 2746 1794 2782; x_wconf 83' lang='lat' dir='ltr'>sexcentas</span> <span class='ocrx_word' id='word_1_662' title='bbox 1816 2746 1897 2782; x_wconf 84' lang='lat' dir='ltr'>ferri</span> <span class='ocrx_word' id='word_1_663' title='bbox 1907 2746 2008 2782; x_wconf 80' lang='lat' dir='ltr'>libras</span> 
     </span>
     <span class='ocr_line' id='line_1_55' title="bbox 280 2794 2008 2846; baseline -0.003 -10"><span class='ocrx_word' id='word_1_664' title='bbox 280 2800 474 2840; x_wconf 81' lang='lat' dir='ltr'>excutiunt,</span> <span class='ocrx_word' id='word_1_665' title='bbox 482 2809 576 2835; x_wconf 83' lang='lat' dir='ltr'>tanta</span> <span class='ocrx_word' id='word_1_666' title='bbox 587 2799 762 2834; x_wconf 84' lang='lat' dir='ltr'>celeritate</span> <span class='ocrx_word' id='word_1_667' title='bbox 779 2821 790 2840; x_wconf 91' lang='lat'>,</span> <span class='ocrx_word' id='word_1_668' title='bbox 813 2807 853 2833; x_wconf 91' lang='lat' dir='ltr'>ut</span> <span class='ocrx_word' id='word_1_669' title='bbox 861 2797 1079 2846; x_wconf 77' lang='lat' dir='ltr'>unoquoque</span> <span class='ocrx_word' id='word_1_670' title='bbox 1087 2797 1225 2833; x_wconf 89' lang='lat' dir='ltr'>minuto</span> <span class='ocrx_word' id='word_1_671' title='bbox 1236 2797 1300 2832; x_wconf 86' lang='lat' dir='ltr'>tria</span> <span class='ocrx_word' id='word_1_672' title='bbox 1310 2798 1448 2833; x_wconf 87' lang='lat' dir='ltr'>circiter</span> <span class='ocrx_word' id='word_1_673' title='bbox 1463 2795 1567 2832; x_wconf 88' lang='lat' dir='ltr'>millia</span> <span class='ocrx_word' id='word_1_674' title='bbox 1580 2794 1735 2844; x_wconf 85' lang='lat' dir='ltr'>paffuum</span> <span class='ocrx_word' id='word_1_675' title='bbox 1754 2794 1918 2832; x_wconf 87' lang='lat' dir='ltr'>conficiat</span> <span class='ocrx_word' id='word_1_676' title='bbox 1933 2794 2008 2831; x_wconf 78' lang='lat' dir='ltr'>talis</span> 
     </span>
    </p>

    <p class='ocr_par' dir='ltr' id='par_1_10' title="bbox 279 2850 2008 3180">
     <span class='ocr_line' id='line_1_56' title="bbox 304 2850 418 2886; baseline 0.009 -1"><span class='ocrx_word' id='word_1_677' title='bbox 304 2850 418 2886; x_wconf 87' lang='lat' dir='ltr'>lobus.</span> 
     </span>
     <span class='ocr_line' id='line_1_57' title="bbox 279 2863 2006 2943; baseline -0.003 -11"><span class='ocrx_word' id='word_1_678' title='bbox 279 2863 303 2900; x_wconf 77' lang='lat' dir='ltr'>g</span> <span class='ocrx_word' id='word_1_679' title='bbox 379 2896 543 2932; x_wconf 89' lang='lat' dir='ltr'>Secundo</span> <span class='ocrx_word' id='word_1_680' title='bbox 552 2897 770 2931; x_wconf 87' lang='lat' dir='ltr'>conveniunt</span> <span class='ocrx_word' id='word_1_681' title='bbox 778 2894 907 2943; x_wconf 86' lang='lat' dir='ltr'>potiori</span> <span class='ocrx_word' id='word_1_682' title='bbox 917 2905 959 2929; x_wconf 81' lang='lat' dir='ltr'>ex</span> <span class='ocrx_word' id='word_1_683' title='bbox 966 2903 1080 2943; x_wconf 82' lang='lat' dir='ltr'>parte3</span> <span class='ocrx_word' id='word_1_684' title='bbox 1105 2906 1185 2929; x_wconf 90' lang='lat' dir='ltr'>nam</span> <span class='ocrx_word' id='word_1_685' title='bbox 1195 2893 1306 2941; x_wconf 88' lang='lat' dir='ltr'>pulvis</span> <span class='ocrx_word' id='word_1_686' title='bbox 1323 2894 1439 2940; x_wconf 70' lang='lat' dir='ltr'>pyrius</span> <span class='ocrx_word' id='word_1_687' title='bbox 1447 2891 1581 2929; x_wconf 88' lang='lat' dir='ltr'>constat</span> <span class='ocrx_word' id='word_1_688' title='bbox 1588 2890 1740 2938; x_wconf 76' lang='lat' dir='ltr'>Salpeua</span> <span class='ocrx_word' id='word_1_689' title='bbox 1748 2914 1760 2933; x_wconf 89' lang='lat'>,</span> <span class='ocrx_word' id='word_1_690' title='bbox 1775 2893 1872 2939; x_wconf 91' lang='lat' dir='ltr'>quod</span> <span class='ocrx_word' id='word_1_691' title='bbox 1881 2890 1936 2926; x_wconf 89' lang='lat' dir='ltr'>alii</span> <span class='ocrx_word' id='word_1_692' title='bbox 1943 2902 2006 2927; x_wconf 87' lang='lat' dir='ltr'>vo·</span> 
     </span>
     <span class='ocr_line' id='line_1_58' title="bbox 283 2939 2008 2991; baseline -0.003 -10"><span class='ocrx_word' id='word_1_693' title='bbox 283 2957 363 2982; x_wconf 86' lang='lat' dir='ltr'>cant</span> <span class='ocrx_word' id='word_1_694' title='bbox 371 2945 570 2981; x_wconf 83' lang='lat' dir='ltr'>halinitrum</span> <span class='ocrx_word' id='word_1_695' title='bbox 579 2967 590 2984; x_wconf 92' lang='lat'>,</span> <span class='ocrx_word' id='word_1_696' title='bbox 617 2943 776 2990; x_wconf 86' lang='lat' dir='ltr'>sulphure</span> <span class='ocrx_word' id='word_1_697' title='bbox 790 2944 826 2979; x_wconf 75' lang='grc' dir='ltr'>ὅ(</span> <span class='ocrx_word' id='word_1_698' title='bbox 843 2944 995 2979; x_wconf 90' lang='lat' dir='ltr'>carbone</span> <span class='ocrx_word' id='word_1_699' title='bbox 1008 2955 1019 2988; x_wconf 88' lang='lat'>;</span> <span class='ocrx_word' id='word_1_700' title='bbox 1045 2954 1161 2991; x_wconf 89' lang='lat' dir='ltr'>neque</span> <span class='ocrx_word' id='word_1_701' title='bbox 1171 2942 1281 2990; x_wconf 89' lang='lat' dir='ltr'>pulvis</span> <span class='ocrx_word' id='word_1_702' title='bbox 1289 2942 1381 2977; x_wconf 89' lang='lat' dir='ltr'>idem</span> <span class='ocrx_word' id='word_1_703' title='bbox 1391 2954 1455 2989; x_wconf 87' lang='lat' dir='ltr'>pro</span> <span class='ocrx_word' id='word_1_704' title='bbox 1463 2939 1653 2988; x_wconf 84' lang='lat' dir='ltr'>majoribus</span> <span class='ocrx_word' id='word_1_705' title='bbox 1659 2940 1843 2975; x_wconf 89' lang='lat' dir='ltr'>adhibetur</span> <span class='ocrx_word' id='word_1_706' title='bbox 1851 2949 2008 2975; x_wconf 89' lang='lat' dir='ltr'>tormen-</span> 
     </span>
     <span class='ocr_line' id='line_1_59' title="bbox 285 2987 2008 3041; baseline -0.003 -13"><span class='ocrx_word' id='word_1_707' title='bbox 285 2995 340 3034; x_wconf 89' lang='lat' dir='ltr'>tis,</span> <span class='ocrx_word' id='word_1_708' title='bbox 349 2995 408 3041; x_wconf 86' lang='lat' dir='ltr'>qui</span> <span class='ocrx_word' id='word_1_709' title='bbox 417 2993 610 3028; x_wconf 88' lang='lat' dir='ltr'>minoribus</span> <span class='ocrx_word' id='word_1_710' title='bbox 618 2993 767 3037; x_wconf 62' lang='lat' dir='ltr'>inservit,</span> <span class='ocrx_word' id='word_1_711' title='bbox 780 2992 982 3040; x_wconf 87' lang='lat' dir='ltr'>grandiores</span> <span class='ocrx_word' id='word_1_712' title='bbox 992 2992 1086 3026; x_wconf 90' lang='lat' dir='ltr'>enim</span> <span class='ocrx_word' id='word_1_713' title='bbox 1095 2990 1272 3026; x_wconf 90' lang='lat' dir='ltr'>machinas</span> <span class='ocrx_word' id='word_1_714' title='bbox 1281 2990 1418 3038; x_wconf 83' lang='lat' dir='ltr'>franges</span> <span class='ocrx_word' id='word_1_715' title='bbox 1434 3013 1446 3030; x_wconf 89' lang='lat'>,</span> <span class='ocrx_word' id='word_1_716' title='bbox 1468 2990 1489 3025; x_wconf 85' lang='lat' dir='ltr'>fi</span> <span class='ocrx_word' id='word_1_717' title='bbox 1504 2989 1643 3024; x_wconf 88' lang='lat' dir='ltr'>minuto</span> <span class='ocrx_word' id='word_1_718' title='bbox 1652 2999 1708 3022; x_wconf 87' lang='lat' dir='ltr'>eas</span> <span class='ocrx_word' id='word_1_719' title='bbox 1718 2988 1914 3023; x_wconf 87' lang='lat' dir='ltr'>oneraveris</span> <span class='ocrx_word' id='word_1_720' title='bbox 1923 2987 2008 3023; x_wconf 86' lang='lat' dir='ltr'>sclo-</span> 
     </span>
     <span class='ocr_line' id='line_1_60' title="bbox 284 3036 2008 3090; baseline -0.003 -13"><span class='ocrx_word' id='word_1_721' title='bbox 284 3053 447 3090; x_wconf 84' lang='lat' dir='ltr'>petorum</span> <span class='ocrx_word' id='word_1_722' title='bbox 457 3040 647 3088; x_wconf 88' lang='lat' dir='ltr'>pulvisculo</span> <span class='ocrx_word' id='word_1_723' title='bbox 655 3063 666 3081; x_wconf 94' lang='lat'>,</span> <span class='ocrx_word' id='word_1_724' title='bbox 683 3040 719 3075; x_wconf 87' lang='lat' dir='ltr'>in</span> <span class='ocrx_word' id='word_1_725' title='bbox 729 3052 802 3087; x_wconf 88' lang='lat' dir='ltr'>quo</span> <span class='ocrx_word' id='word_1_726' title='bbox 810 3041 963 3076; x_wconf 86' lang='lat' dir='ltr'>abundat</span> <span class='ocrx_word' id='word_1_727' title='bbox 971 3040 1079 3088; x_wconf 81' lang='lat' dir='ltr'>magis</span> <span class='ocrx_word' id='word_1_728' title='bbox 1088 3039 1286 3074; x_wconf 87' lang='lat' dir='ltr'>halinitrum</span> <span class='ocrx_word' id='word_1_729' title='bbox 1295 3061 1305 3079; x_wconf 84' lang='lat'>,</span> <span class='ocrx_word' id='word_1_730' title='bbox 1327 3039 1489 3074; x_wconf 85' lang='lat' dir='ltr'>miscetur</span> <span class='ocrx_word' id='word_1_731' title='bbox 1496 3038 1600 3072; x_wconf 85' lang='lat' dir='ltr'>etiam</span> <span class='ocrx_word' id='word_1_732' title='bbox 1609 3036 1641 3071; x_wconf 88' lang='lat' dir='ltr'>ei</span> <span class='ocrx_word' id='word_1_733' title='bbox 1656 3036 1784 3083; x_wconf 89' lang='lat' dir='ltr'>aliquid</span> <span class='ocrx_word' id='word_1_734' title='bbox 1792 3036 1954 3072; x_wconf 87' lang='lat' dir='ltr'>mercurii</span> <span class='ocrx_word' id='word_1_735' title='bbox 1971 3036 2008 3072; x_wconf 74' lang='grc' dir='ltr'>ἀ</span> 
     </span>
     <span class='ocr_line' id='line_1_61' title="bbox 283 3083 2008 3139; baseline -0.005 -12"><span class='ocrx_word' id='word_1_736' title='bbox 283 3090 354 3127; x_wconf 85' lang='lat' dir='ltr'>salis</span> <span class='ocrx_word' id='word_1_737' title='bbox 363 3090 573 3126; x_wconf 84' lang='lat' dir='ltr'>ammoniaci</span> <span class='ocrx_word' id='word_1_738' title='bbox 581 3101 662 3126; x_wconf 90' lang='lat' dir='ltr'>cum</span> <span class='ocrx_word' id='word_1_739' title='bbox 670 3099 784 3125; x_wconf 84' lang='lat' dir='ltr'>acet0.</span> <span class='ocrx_word' id='word_1_740' title='bbox 834 3089 881 3125; x_wconf 85' lang='lat' dir='ltr'>Ea</span> <span class='ocrx_word' id='word_1_741' title='bbox 887 3100 972 3139; x_wconf 77' lang='lat' dir='ltr'>vero</span> <span class='ocrx_word' id='word_1_742' title='bbox 983 3088 1214 3137; x_wconf 86' lang='lat' dir='ltr'>proportione</span> <span class='ocrx_word' id='word_1_743' title='bbox 1221 3087 1417 3123; x_wconf 85' lang='lat' dir='ltr'>infunditur</span> <span class='ocrx_word' id='word_1_744' title='bbox 1424 3086 1535 3135; x_wconf 84' lang='lat' dir='ltr'>pulvis</span> <span class='ocrx_word' id='word_1_745' title='bbox 1543 3108 1554 3128; x_wconf 88' lang='lat'>‚</span> <span class='ocrx_word' id='word_1_746' title='bbox 1568 3095 1608 3121; x_wconf 91' lang='lat' dir='ltr'>ut</span> <span class='ocrx_word' id='word_1_747' title='bbox 1617 3083 1751 3133; x_wconf 85' lang='lat' dir='ltr'>glandis</span> <span class='ocrx_word' id='word_1_748' title='bbox 1760 3085 1899 3132; x_wconf 87' lang='lat' dir='ltr'>pondus</span> <span class='ocrx_word' id='word_1_749' title='bbox 1908 3086 2008 3120; x_wconf 86' lang='lat' dir='ltr'>tertia</span> 
     </span>
     <span class='ocr_line' id='line_1_62' title="bbox 1910 3143 2006 3180; baseline 0.01 -12"><span class='ocrx_word' id='word_1_750' title='bbox 1910 3143 2006 3180; x_wconf 77' lang='lat' dir='ltr'>parte</span> 
     </span>
    </p>
   </div>
  </div>
 </body>
</html>
