2054 3496
610 162 1173 236 Philosophico-Poiitica.
1684 172 1763 227 117

565 250 1095 337 QUAESTIO
1137 250 1213 315 v.

222 359 310 410 ‘De
324 351 579 429 effecs't'ibus
594 357 661 417 ξδ’
677 353 1057 429 proprietatibus
1078 366 1335 403 ventorum
1359 345 1593 422 inspecie.

3 449 5 455 ·
182 439 325 477 Vamvis
334 441 368 475 in
381 439 608 488 superioribus
618 439 875 489 Quaestionibus
887 441 933 475 ob
947 440 1209 477 connexionem
1227 436 1264 473 ὅ(
1279 436 1491 473 vicinitatem
1502 432 1729 481 mareriaejam
1738 445 1773 470 aa
1803 448 1809 454 1

5 488 9 500 ’
205 489 314 537 liquid
323 488 454 537 sparlim
465 489 509 523 de
518 487 696 525 effectibus
705 489 740 525 ὅ(
749 488 1014 536 proprietatibus
1022 497 1209 523 ventorum
1221 485 1254 520 in
1267 484 1375 532 specie
1383 484 1589 519 inlinuatum
1601 483 1647 523 lit,
1656 484 1713 519 hic
1721 493 1769 518 ta-

205 549 289 573 men
298 537 456 585 proprius
466 536 614 572 &fufior
626 539 670 573 de
679 536 814 585 singulis
824 535 1007 571 differendi
1015 536 1115 571 locus
1125 535 1204 574 erit,
1219 543 1258 569 ut
1277 533 1414 581 plenior
1430 531 1488 567 fiat
1501 531 1669 568 doetrina.
1696 533 1770 567 Un-

205 587 250 621 de
259 586 297 621 sit.

143 633 334 670 Conclusio
345 632 465 681 prima.
513 630 622 667 Venti
632 630 911 680 septentrionales
924 631 958 666 in
967 631 1103 679 Europa
1111 631 1183 666 fere
1193 640 1267 665 tota
1274 628 1386 677 frigidi
1403 627 1479 664 sunt
1489 628 1524 664 ὅ(
1533 627 1619 663 ficei.
1668 626 1772 662 Ratio

45 679 235 718 desumitur
244 692 319 718 tum
329 682 347 717 δι
358 681 541 730 frigiditate
550 680 711 716 locorum
720 703 729 719 ,
740 691 802 727 per
818 691 894 727 quae
905 689 1102 727 permeant,
1121 689 1197 713 turn
1215 678 1293 725 quia
1309 677 1476 724 exspirant
1499 688 1541 711 ex
1564 673 1774 711 subtilissima

43 740 142 778 parte
151 731 282 765 nivium
292 731 404 765 Zonae
415 730 554 778 frigidae.
605 728 832 765 Serenitatem
844 727 1004 767 afferunt,
1016 728 1096 775 quia
1111 726 1327 762 condensam:
1336 731 1451 760 a‘e'rcm
1460 724 1495 760 ὅ(
1504 724 1775 760 exficcant.Sunt

44 777 192 814 salubres
201 780 247 814 ob
256 777 539 814 constriffionem
547 788 715 824 pororum
733 776 769 812 ὅ(
778 776 866 812 cutis
875 776 1076 811 animalium
1083 798 1093 816 ,
1113 776 1183 823 qua
1201 773 1239 809 fit
1247 797 1257 814 ,
1277 782 1316 808 ut
1330 773 1424 809 calor
1437 774 1593 808 internus
1603 772 1634 807 se
1644 784 1717 807 non
1726 773 1771 807 ad

45 835 141 862 extr-a
149 824 315 866 effundat,
326 826 380 861 sed
389 828 425 862 in
434 825 656 861 interioribus
665 824 896 862 conservetuiz
946 825 1053 860 Unde
1061 824 1190 859 diutius
1199 821 1482 871 septentrionalis,
1492 823 1596 869 quam
1607 821 1772 856 meridio-

46 873 132 910 nalis
141 875 291 924 populus
299 875 394 911 vivit.
444 873 716 913 Diciturramen,
733 874 859 908 Boreas
874 871 964 908 male
981 871 1111 908 affeffls
1127 871 1333 919 corporibus
1349 869 1534 917 aliquando
1549 880 1690 906 nocere.
1716 870 1767 904 Si-

43 921 173 959 militer
188 923 314 959 vitibus
331 922 591 970 gemmantibus
609 921 645 957 &
659 921 730 956 aliis
738 920 870 968 {plantis
885 920 1019 956 tenellis
1048 933 1089 956 ac
1104 919 1246 955 floribus
1261 917 1408 967 persaepe
1427 918 1536 953 existit
1543 917 1699 966 pernicio
1705 915 1768 952 suS.

47 970 223 1007 Omnium
231 971 447 1007 hicmaxime
455 970 587 1006 validus
596 969 643 1005 est
657 969 693 1005 ὃ(
702 968 930 1017 impetuosus,
945 969 1112 1016 quoniam
1122 968 1202 1004 aestu
1221 967 1375 1003 maximo
1386 988 1397 1006 ,
1418 967 1613 1002 meridiano
1626 965 1772 1006 scilicet,

46 1020 226 1060 excitatur,
235 1019 271 1055 <Sc
281 1018 422 1055 materia
438 1018 600 1054 omnium
609 1017 770 1053 facillime
779 1018 815 1053 in
823 1028 968 1065 vapores
977 1017 1171 1057 dissolubili,
1184 1016 1334 1051 nubibus
1345 1014 1508 1050 nimirum
1526 1014 1773 1050 constat.Ven-

45 1077 101 1104 tus
112 1069 214 1104 etiam
224 1068 374 1104 Borealis
382 1067 466 1103 cum
474 1067 511 1102 fit
519 1066 657 1114 gravior
668 1066 703 1102 ὅ(
712 1066 965 1114 densiormagis
973 1066 1063 1113 quali
1072 1065 1163 1100 recia
1181 1063 1342 1100 deorsum
1357 1063 1561 1111 propellitur
1569 1085 1580 1102 ,
1595 1075 1635 1098 ac
1651 1061 1770 1098 saevior

47 1114 95 1152 est
103 1115 240 1157 Austro,
250 1116 332 1151 curn
341 1116 463 1151 acriori
472 1115 601 1163 frigore
609 1114 854 1150 condensetur.
914 1115 1019 1150 Unde
1028 1115 1130 1154 etiam
1141 1112 1246 1148 flante
1255 1114 1365 1147 Borea
1375 1111 1410 1147 ὃς
1421 1111 1503 1146 sudo
1513 1111 1607 1147 coelo
1616 1134 1626 1151 ,
1640 1122 1714 1145 non
1723 1111 1770 1146 ira

45 1165 165 1212 repelli
173 1164 285 1213 potest
293 1165 420 1203 fumus,
429 1163 524 1199 ficuti
534 1162 627 1199 coelo
635 1162 753 1211 pluvio
763 1175 774 1208 3
798 1162 853 1197 vel
861 1163 958 1210 quod
968 1164 1093 1198 Boreas
1103 1174 1176 1197 non
1186 1173 1228 1197 ex
1236 1161 1393 1208 obliquO,
1404 1171 1442 1194 ut
1453 1160 1576 1195 Auster
1583 1182 1593 1199 ,
1608 1158 1709 1194 sedin
1718 1159 1768 1194 di-

45 1213 181 1250 rec‘tum
189 1213 297 1262 magis
304 1210 437 1261 perflet,
450 1211 506 1247 vel
514 1212 610 1259 quod
618 1210 754 1260 gravior
764 1210 800 1245 lit
809 1211 894 1246 a'e'ris
904 1210 1026 1251 moles,
1035 1213 1118 1247 cum
1129 1210 1227 1258 spirat
1236 1209 1364 1257 aquilo.
1416 1208 1648 1243 Observatum
1662 1208 1768 1242 etiam

47 1261 112 1302 est,
122 1271 249 1297 ventos
265 1260 426 1297 Boreales
442 1270 540 1295 tanto
559 1259 742 1294 debiliores
757 1257 829 1293 fieri
837 1281 848 1298 ,
863 1260 994 1306 quanto
1011 1259 1157 1307 amplius
1173 1259 1256 1293 hinc
1269 1258 1313 1293 ad
1325 1266 1536 1304 aequatorem
1546 1265 1770 1304 procurrunt.

46 1309 197 1346 Econtra
204 1309 290 1346 vero
299 1311 338 1345 ab
347 1319 523 1356 aequatore
529 1308 660 1355 quanto
669 1306 813 1354 amplius
823 1308 942 1342 versus
950 1307 1175 1343 antarcticum
1193 1306 1316 1354 polum
1324 1304 1516 1354 prospirant
1529 1327 1540 1345 ,
1573 1303 1770 1340 efficientur

47 1359 234 1394 severiores
245 1358 281 1394 ὅς
298 1358 492 1406 frigidiores
502 1367 569 1403 prae
575 1355 685 1391 sertim
703 1355 737 1389 in
748 1366 857 1403 regno
870 1354 965 1391 Chili
982 1356 1018 1392 ὅ(
1035 1356 1135 1394 Peru,
1186 1355 1258 1402 Qi
1277 1353 1415 1390 auditus
1431 1353 1596 1402 gravitate
1611 1352 1769 1388 laborant

47 1416 107 1442 aut
116 1405 387 1445 subsurdescunt,
395 1404 529 1440 Borcali
538 1413 645 1439 vento
655 1401 862 1450 perspirante
872 1403 908 1439 δε
917 1404 1003 1439 ae'ris
1020 1403 1236 1439 serenitatem
1251 1402 1418 1438 afferente
1436 1401 1569 1437 racilius
1586 1401 1704 1436 audire
1718 1401 1768 1436 in·

48 1455 140 1502 cipiu
147 1464 195 1495 nt,
204 1455 262 1503 qui
269 1453 435 1502 alioquin,
446 1453 527 1488 cum
537 1453 660 1487 densus
669 1451 848 1499 &pluvius
858 1451 905 1486 est
914 1457 982 1493 aer,
989 1451 1183 1500 Austerque
1201 1450 1299 1499 spirat
1307 1473 1317 1491 ,
1336 1449 1705 1498 omnipropemodum
1714 1462 1772 1485 au-

50 1504 171 1539 diendi
180 1501 342 1539 facultate
355 1501 542 1550 privantur.

148 1551 337 1588 Concluflo
348 1550 505 1587 secunda.
531 1547 640 1585 Venti
649 1544 893 1583 meridionales
900 1545 1008 1596 vulgo
1016 1545 1117 1583 calidi
1127 1547 1203 1582 sunt
1211 1545 1246 1583 ὅ(
1255 1547 1455 1582 humentes.
1483 1544 1596 1583 Calidi
1616 1543 1773 1594 quidem,

50 1600 131 1648 quia
140 1612 181 1635 ex
189 1600 275 1635 locis
286 1600 398 1635 Zonae
406 1598 544 1634 torridae
552 1597 673 1633 vicinis
689 1597 812 1644 spirant
819 1619 829 1636 ‚
843 1597 1094 1644 permea'intque
1103 1607 1164 1643 per
1173 1595 1251 1631 loca
1259 1596 1436 1632 calidiora:
1446 1596 1491 1630 liu
1498 1595 1580 1630 midi
1591 1594 1676 1634 sunt,
1686 1595 1767 1642 quia

52 1647 331 1695 constantmulto
340 1648 495 1695 vaporea
505 1645 854 1681 marimediterraneo
872 1645 908 1680 ὅ(
922 1644 992 1679 aliis
1011 1643 1100 1679 locis
1115 1642 1251 1680 elevato
1268 1657 1280 1689 3
1312 1643 1465 1690 ideoque
1479 1643 1641 1691 plurimas
1656 1645 1768 1678 nubes

51 1697 234 1746 colligunt.
283 1695 412 1743 Neque
420 1695 557 1731 tantum
566 1693 736 1741 colligunt
747 1695 856 1729 nubes
866 1716 876 1732 ,
895 1693 949 1728 led
969 1703 1024 1727 eas
1038 1701 1161 1740 tepore
1175 1692 1235 1727 suo
1258 1692 1394 1728 solvunt
1412 1693 1445 1726 in
1464 1692 1627 1739 pluviam.
1678 1692 1775 1727 Hinc

7 1771 12 1796 t
51 1745 175 1783 Auster
183 1744 313 1780 calidus
323 1744 370 1779 est
378 1743 413 1780 δε
421 1744 597 1782 humidus,
605 1742 797 1782 morbidus,
806 1742 890 1777 item
904 1740 1075 1779 aestuosus,
1086 1740 1276 1775 fulmineus
1289 1764 1299 1780 ,
1310 1740 1438 1775 noxius
1449 1740 1483 1776 ὅ(
1493 1740 1654 1787 pestilens
1668 1752 1680 1785 3
1711 1752 1772 1788 ge-

52 1804 180 1829 nerans
189 1793 320 1841 pluvias
328 1790 365 1828 &
373 1793 494 1831 nubes,
503 1791 553 1826 uti
570 1790 675 1837 &pro
683 1790 850 1838 temporis
867 1790 1002 1825 ratione
1011 1789 1176 1826 tonitrua.
1192 1789 1226 1823 Si
1235 1799 1354 1824 tamen
1366 1789 1495 1823 diutius
1505 1789 1603 1836 {pirar
1611 1811 1621 1828 ,
1641 1798 1726 1824 tunc
1736 1789 1773 1826 ὅς

8 1859 11 1871 0
55 1841 272 1878 serenitatem
291 1841 326 1877 ὅ(
336 1838 565 1876 suffocantem
574 1839 725 1874 calorem
736 1849 929 1887 provocare
937 1837 1059 1886 potest.
1110 1837 1207 1872 Solet
1216 1837 1250 1873 δε
1265 1837 1453 1885 plurimum
1469 1839 1582 1871 febres
1597 1837 1751 1884 putridas
1761 1861 1774 1878 ,

54 1902 97 1926 ac
107 1889 313 1937 pestilentes,
330 1888 547 1936 morbosque
556 1888 669 1923 varios
680 1889 839 1923 excitare.
892 1887 996 1922 Unde
1008 1890 1059 1921 Au
1065 1885 1131 1920 stro
1141 1884 1246 1921 flante
1255 1886 1434 1933 podagrici
1445 1885 1584 1920 dolores
1601 1883 1773 1934 augeritur

55 1938 206 1975 resoluto
216 1936 343 1973 (cilicet
352 1937 514 1976 humore,
521 1935 715 1984 phrenetici
724 1936 831 1984 magis
839 1935 1012 1974 frendent,
1021 1946 1125 1982 grana
1134 1934 1255 1983 implet
1265 1932 1526 1969 curculionibus
1535 1956 1544 1973 ,
1561 1933 1778 1970 marcescunt

55 1997 176 2024 carnes
184 1986 220 2021 in
228 1985 460 2033 putredinem,
473 1983 509 2020 <Sc
518 1986 647 2019 ferrum
657 1984 765 2032 ipsum
777 1984 908 2019 facilius
917 1983 1005 2018 limae
1014 1983 1145 2018 obedit.
1198 1982 1260 2017 lllo
1270 1981 1414 2030 spirante
1424 1982 1547 2017 melius
1563 1982 1598 2018 ὅς
1613 1982 1742 2018 certius
1755 1984 1775 2019 ὲ

9 2055 13 2061 -
56 2035 200 2072 canibus
209 2033 418 2082 vestigantur
427 2033 517 2073 ferae,
528 2033 607 2080 quia
621 2033 752 2080 spiritus
760 2032 924 2067 odoriferi
936 2031 1050 2067 calore
1059 2030 1147 2066 fiunt
1155 2031 1409 2080 fragrantiores,
1426 2030 1778 2078 Dicitur,aquilonem

54 2082 166 2120 noan
176 2092 337 2118 exortum
347 2082 404 2117 vix
414 2081 500 2117 ultra
508 2091 576 2116 tres
587 2081 658 2115 dies
668 2082 790 2116 durare
798 2104 808 2120 ,
829 2082 911 2116 cum
921 2090 1038 2115 tamen
1048 2079 1173 2115 Auster
1184 2082 1288 2119 etiam
1297 2078 1489 2114 n0&urnus
1498 2078 1691 2127 perseveret
1699 2081 1775 2115 diu·

54 2132 135 2169 tius,
184 2130 308 2167 Austro
318 2128 467 2178 majores
476 2128 600 2165 flufi‘ms
615 2131 681 2164 edu
687 2140 765 2164 ntur
773 2130 808 2164 in
817 2129 901 2164 mari
911 2130 1015 2176 quam
1023 2128 1203 2176 Aquilone
1211 2150 1221 2169 ,
1238 2128 1351 2175 inquit
1365 2126 1496 2163 Plinius
1512 2149 1522 2168 a
1545 2127 1713 2175 quoniam
1721 2128 1777 2164 ille

55 2179 205 2219 inferne,
214 2179 286 2214 imo
295 2190 339 2214 ex
347 2179 432 2214 mari
441 2178 539 2227 spirat
562 2190 573 2222 3
599 2177 656 2213 hic
674 2179 692 2213 e
709 2177 855 2216 summo.

156 2226 346 2264 Conclusio
362 2226 470 2262 tertia.
498 2226 606 2262 Venti
621 2226 804 2261 orientales
819 2227 853 2260 in
867 2224 1042 2273 Europaeis
1058 2223 1178 2260 nostris
1191 2222 1392 2273 regionibus
1412 2221 1431 2258 s
1424 2231 1487 2259 unt
1505 2221 1605 2259 calidi
1629 2221 1666 2261 ὅ(
1688 2225 1778 2265 ficei.

10 2310 12 2312 .
55 2276 154 2314 Hinc
165 2275 360 2311 subsolanus
367 2274 634 2322 ventusmernpe
643 2275 661 2308 ἐι
671 2274 832 2310 nalcente
840 2273 921 2309 Sole
931 2273 996 2309 live
1006 2283 1086 2308 ortu
1096 2272 1473 2320 spirans,comrnuniter
1481 2271 1565 2307 solet
1572 2270 1638 2308 esse
1647 2273 1779 2310 calidus

58 2325 95 2361 ὃ(
104 2324 228 2360 siccus:
254 2335 336 2360 curn
345 2322 465 2372 insigni
473 2332 590 2358 tamen
598 2323 775 2370 temperie.
827 2322 908 2357 Dixi
917 2322 1166 2361 communiter,
1174 2333 1254 2356 nam
1263 2321 1299 2356 in
1314 2320 1506 2368 Campania
1521 2319 1778 2358 humidiffimus

11 2387 13 2416 ς
53 2371 107 2410 ‘est
121 2370 316 2408 subsolanus
324 2373 370 2407 ob
380 2372 481 2407 maris
490 2371 700 2406 vicinitatem
711 2371 764 2416 3in
773 2369 891 2418 Belgio
900 2371 1027 2417 hyeme
1035 2365 1503 2419 frigidiffimus,calidiss1mus
1511 2368 1634 2407 aestate.
1671 2372 1781 2419 Apud

57 2422 125 2457 nos
133 2420 216 2457 vero
226 2420 333 2457 ficcus
343 2420 407 2460 est,
417 2418 496 2467 quia
504 2431 578 2454 non
588 2419 701 2454 transit
710 2431 770 2467 per
782 2418 849 2454 ulla
857 2419 971 2454 maria.
985 2419 1173 2455 Coeterum
1182 2419 1239 2454 hic
1249 2427 1375 2454 ventus
1384 2417 1470 2453 solet
1479 2416 1545 2453 effe
1554 2417 1778 2460 suavissimus,

11 2477 13 2489 ⁴*
58 2469 253 2517 purissimus
261 2491 270 2509 2
279 2468 508 2506 tenuissimus,
518 2465 754 2503 saluberrimus
770 2491 779 2507 ,
795 2479 834 2503 ac
851 2467 1066 2515 potissimum
1078 2467 1179 2502 mane
1189 2467 1313 2515 spirans
1330 2466 1601 2514 contagionibus
1611 2469 1774 2513 praeterea

11 2523 13 2562 ζ
59 2518 231 2557 iuimicus,
248 2522 364 2553 a‘e'rem
373 2515 776 2565 purificans,c0rporibus
786 2515 973 2555 sanitatem,
982 2516 1018 2552 ὅ(
1035 2515 1241 2552 hilaritatem
1255 2517 1384 2551 afflans.
1408 2514 1566 2561 Aequirit
1574 2516 1674 2550 etiam
1686 2515 1777 2552 vires

12 2594 13 2608 ;
59 2566 240 2603 exoriente
247 2565 450 2605 Solemoecu
458 2577 541 2600 vero
550 2563 755 2613 plerumque
765 2564 844 2600 silet.
896 2565 1051 2614 Qando
1060 2576 1144 2601 vero
1154 2575 1236 2600 cum
1247 2563 1366 2599 sereno
1375 2562 1468 2599 coelo
1478 2561 1559 2598 flare
1568 2563 1688 2610 incipit
1697 2587 1707 2604 ‚
1727 2566 1774 2601 de

12 2612 13 2646 l
61 2614 118 2650 die
128 2614 287 2662 usquead
297 2613 438 2650 n0&em
448 2612 652 2661 plerumque
660 2613 860 2660 perseverat.
887 2613 946 2648 Sin
955 2622 1071 2648 autem
1079 2625 1123 2649 eo
1133 2612 1236 2648 flante
1244 2612 1443 2660 pluat‚prius
1451 2611 1507 2646 v'uz
1516 2610 1662 2652 cessabit,
1671 2613 1777 2661 quam

12 2679 15 2712 i
58 2663 121 2699 Sol
130 2664 328 2702 occumbat.
362 2662 502 2709 Hyeme
511 2661 546 2697 in
562 2661 684 2697 nostris
693 2674 835 2709 quoque
842 2662 1043 2711 regionibus
1051 2661 1135 2697 solet
1145 2660 1210 2697 effe
1219 2659 1411 2709 frigidus&
1418 2657 1497 2708 gelu
1507 2672 1547 2695 ac
1555 2659 1660 2708 frigus
1669 2673 1774 2709 auge-

57 2721 110 2758 nte.
133 2711 379 2758 Flumina,quae
388 2708 522 2746 cursum
531 2710 660 2745 habent
673 2711 708 2745 in
716 2710 890 2751 Austrum,
899 2709 1091 2746 salubrioris
1099 2722 1187 2746 aurae
1196 2718 1362 2758 putantur
1371 2708 1438 2743 effe
1445 2730 1455 2748 a
1470 2707 1543 2743 ime>
1551 2731 1560 2748 ,
1576 2709 1622 2744 ait
1630 2708 1777 2751 Plinius,

12 2771 14 2794 3
56 2758 280 2796 'observatum
290 2757 368 2799 esse,
385 2759 610 2807 pestilentiam
621 2760 638 2794 a
647 2758 938 2795 meridianislocis
947 2759 983 2793 in
991 2759 1151 2795 occasum
1161 2759 1292 2806 semper
1301 2758 1366 2796 ire,
1376 2768 1450 2792 non
1463 2757 1506 2792 ad
1518 2766 1647 2797 ortum.
1675 2758 1779 2794 Odo-

12 2807 14 2843 1
55 2806 224 2847 rariorem
233 2808 457 2844 Democritus
465 2817 562 2855 putat
575 2807 738 2847 ῑωᾶυῑη,
748 2807 769 2843 si
778 2809 994 2856 propendeat
1008 2808 1051 2843 ad
1065 2809 1161 2843 hunc
1170 2816 1314 2842 ventum
1324 2828 1333 2846 ,
1343 2805 1378 2840 in
1386 2807 1482 2840 hunc
1491 2805 1594 2840 etiam
1604 2805 1777 2854 opiliones

55 2867 205 2940 {regem
213 2857 373 2904 pascunt,
383 2854 419 2892 ὃ(
427 2856 564 2904 concipi
574 2867 684 2890 mares
692 2854 836 2901 volunt;
861 2855 984 2904 apiaria
994 2857 1097 2891 etiam
1108 2855 1227 2891 omnia
1243 2855 1277 2889 in
1286 2852 1490 2889 vulturnum
1516 2852 1682 2890 subsolani
1705 2855 1778 2891 col-

12 2915 15 2954 ξ
51 2945 55 2947 μ
76 2901 238 2940 ateralem
247 2903 396 2952 speritate
406 2906 545 2944 debere,
553 2902 682 2939 Plinius
692 2904 1047 2952 docet.Compertum
1055 2915 1198 2952 quoque
1207 2902 1254 2938 est
1265 2925 1275 2943 ,
1290 2903 1387 2946 quod
1399 2902 1482 2938 sicut
1498 2900 1633 2949 obje&a
1641 2903 1779 2939 auditus

0 2986 1 2991 ,
13 2962 17 2987 1.
63 2952 398 2992 occidentalibuffiita
406 2954 492 2989 visus
503 2953 726 2989 orientalibus
735 2954 847 2988 ventis
857 2952 1044 2988 distinffius
1057 2954 1092 2989 ὅ(
1101 2953 1235 2988 acutius
1243 2950 1541 2998 repraesententur.
1576 2950 1672 2987 Hinc
1684 2951 1778 2988 Euro

0 2999 1 3004 ’
14 3036 15 3042 ,
56 2999 120 3036 *vel
127 2998 307 3037 subsolano
316 2998 421 3037 flante
432 2998 568 3048 objeEta
574 2999 712 3037 visibilia
722 3012 926 3049 comparent
944 2999 1085 3048 majora,
1094 3001 1214 3037 Africo
1225 2999 1369 3048 spirante
1377 3000 1524 3036 minora.

162 3049 352 3086 Conclusio
361 3059 490 3097 quarta.
516 3047 688 3085 Favonius
696 3051 737 3086 ab
746 3052 868 3086 occalu
878 3049 965 3086 Solis
973 3047 1222 3097 aequinoc‘tialis
1239 3048 1363 3096 spirans
1376 3048 1433 3083 vel
1456 3048 1474 3082 a
1490 3046 1642 3082 favendo
1650 3068 1659 3086 ,
1680 3047 1779 3094 quod

68 3097 201 3135 cunffls
207 3098 320 3136 faveat
332 3120 343 3140 ,
369 3098 425 3136 vel
438 3097 458 3135 a
471 3098 629 3137 fovendo
646 3120 658 3141 2
682 3098 780 3147 quod
795 3098 920 3136 cunstat
933 3099 1052 3136 foveat
1061 3097 1311 3139 dietuswentus
1326 3097 1428 3135 nobis
1450 3096 1508 3138 hic
1518 3095 1565 3133 est
1573 3095 1738 3132 humidus
1747 3094 1784 3131 ὃ(

1034 3146 1061 3183 P
1085 3157 1100 3193 3
1672 3142 1775 3183 modi
