2054 3496
231 189 330 243 228;
922 182 1294 254 Meteotologia.

334 257 525 295 Conclusio
542 257 679 306 quinta.
724 258 844 301 Licet,
862 270 902 297 ut
912 260 1045 297 dietum
1057 260 1122 302 est,
1137 262 1301 296 omnibus
1311 258 1392 294 anni
1408 260 1626 307 temporibus
1642 259 1853 308 hujusmodi
1865 269 1972 303 terra:

235 316 356 343 motus
372 308 532 342 accidant
540 330 550 347 ‚
568 307 741 343 ordinarie
755 317 872 344 tamen
882 318 1054 344 autumno
1064 331 1076 348 ⁷
1090 319 1149 344 aut
1157 321 1241 344 vete
1259 309 1484 356 contingunt.
1533 309 1576 344 Et
1586 311 1630 344 de
1639 311 1721 345 ver'e
1729 310 1871 358 quidem
1879 311 1967 345 ratio

236 355 285 391 est
292 378 302 395 ‚
318 355 475 402 quiahoc
484 365 645 400 tempore
653 355 767 403 plures
777 357 1214 405 exhalati-onesgignuntur
1223 380 1238 396 ⁷>
1249 356 1344 392 sicuti
1359 357 1533 396 videmus,
1542 358 1585 392 ad
1593 359 1700 404 pedes
1709 361 1870 394 arborum
1880 358 1968 393 mul-

237 413 314 439 tum
322 406 341 438 e
351 413 439 439 terra
449 404 537 438 fumi
552 415 750 451 evaporare.
802 405 969 453 Cumque
979 406 1080 448 etiam
1091 405 1156 452 ipsa
1173 405 1367 441 obstruatur
1382 414 1457 440 tum
1468 406 1487 439 a
1495 406 1625 454 frigore
1635 429 1646 446 2
1661 416 1736 442 tum
1746 408 1787 442 ab
1796 407 1915 454 abquis
1925 418 1970 442 ne

238 452 388 487 exhalari
403 449 532 500 poffint
546 453 695 499 spiritus,
710 452 749 488 fit
765 462 804 488 ut
816 465 860 489 eo
875 464 1038 499 tempore
1052 454 1161 502 magis
1177 465 1282 501 quam
1305 453 1376 489 aliis
1390 463 1488 488 terrae
1504 463 1624 489 motus
1641 464 1864 503 generentur.
1907 456 1970 490 Ea-

237 502 318 536 dem
330 502 428 547 paene
435 501 523 536 ratio
534 500 632 536 estde
641 511 825 536 autumno.
877 503 916 537 In
926 501 1038 537 aestate
1047 512 1164 537 autem
1173 503 1322 538 rariores
1331 501 1408 536 sunt
1416 511 1514 537 terrae
1525 512 1644 537 motus
1654 513 1796 551 propter
1805 502 1970 544 calorem,

239 549 299 596 qui
319 560 427 596 poros
452 560 548 584 tetrae
564 549 688 595 aperit..
734 550 841 585 Unde
849 551 1021 598 quidquid
1031 549 1078 584 est
1089 549 1265 597 spirituum
1284 559 1343 586 aut
1350 560 1538 586 ventorum
1551 551 1608 585 sub
1618 561 1706 586 terra
1714 550 1902 587 collectum
1913 563 1969 586 ex-

237 597 342 632 halat.
392 598 472 632 Nec
488 598 618 644 hyeme
633 596 722 633 fiunt
736 610 817 634 cum
833 609 976 647 propter
984 598 1196 633 debilitatem
1208 599 1331 634 caloris
1339 621 1349 638 ,
1357 607 1433 633 tum
1444 599 1522 646 quia
1532 599 1649 634 clausis
1659 611 1728 647 prae
1736 600 1864 649 frigore
1874 600 1970 647 poris

238 655 337 682 terra:
354 645 438 681 nulli
453 646 646 681 excitantur
661 644 760 682 flatus
768 670 778 688 ²
787 648 900 687 multo
910 648 1025 683 minus
1034 647 1059 681 ri
1063 647 1270 695 gorhyemis
1287 647 1485 695 spirationes
1496 658 1632 682 evocat.
2038 641 2042 670 ἶ

336 700 507 736 Praeterea
522 701 633 737 solent
651 703 753 738 etiarn
770 713 868 739 terrae
879 713 998 738 motus
1009 703 1216 750 contingere
1226 703 1320 738 coelo
1336 703 1490 738 maxime
1502 702 1689 751 tranquillo
1698 702 1733 738 ὅ(
1743 713 1879 750 pacato.
1906 704 1973 739 Ra-

238 750 290 785 tio
309 749 373 789 est,
388 750 467 797 quia
483 750 672 792 exhalatio,
687 763 764 799 quae
782 753 926 787 deberet
940 752 1031 787 foras
1046 751 1231 800 prodire&
1248 751 1397 786 excitare
1406 752 1575 787 ventosin
1592 758 1688 792 a'e're,
1698 751 1893 799 {erpitintra
1904 762 1972 788 tet-

238 809 284 835 rae
301 798 440 836 viscera.
487 800 638 835 Accedit
647 810 764 835 tamen
774 800 979 848 aliquando,
994 810 1034 835 ut
1042 810 1139 835 terrae
1155 810 1274 835 motus
1289 799 1348 835 fiat
1357 809 1464 835 vento
1482 798 1588 835 flaute
1602 823 1612 840 2
1626 799 1706 848 quia
1721 801 1805 837 ficut
1819 799 1973 848 aliquan-

241 848 290 881 do
305 850 358 881 abr
373 847 518 895 agitatut
535 849 648 883 ventis
665 849 845 884 contrariis
862 871 872 889 ‚
889 848 932 884 eo
949 849 1047 897 quod
1063 848 1192 884 dumin
1201 848 1366 883 unoloco
1383 848 1554 884 exhalatio
1570 848 1728 896 concipit
1743 859 1882 884 motum
1897 861 1972 885 ver-

239 895 293 930 sus
304 906 409 929 unam
426 905 558 942 partem
569 919 579 937 ‚
596 897 631 932 in
640 896 798 933 alioloco
815 897 988 933 exhalatio
999 898 1155 945 concipit
1166 907 1304 932 motum
1324 896 1439 932 versus
1455 897 1554 932 aliam
1570 908 1724 944 partem3
1737 897 1780 933 fic
1798 897 1971 933 exhalatio

241 943 448 979 claul'aiutra
462 954 588 988 terram
600 946 633 980 in
643 957 716 980 uno
726 946 808 982 loco
826 947 983 994 concipit
999 956 1138 981 motum
1148 969 1158 986 ,
1176 957 1348 993 perquem
1361 947 1557 994 egrediatur
1565 957 1606 981 ex
1615 946 1748 981 terra&
1766 946 1971 981 causetven-

240 1002 317 1027 tum
335 1005 346 1037 3
362 992 396 1026 in
407 992 475 1027 alio
492 994 648 1041 concipit
661 1004 800 1030 motum
815 996 930 1031 versus
944 1005 1042 1030 terrae
1057 994 1185 1031 viscera
1199 1016 1210 1034 2
1227 994 1262 1029 ὅ(
1285 993 1398 1029 causat
1417 1004 1670 1030 terraemotum.
1736 995 1973 1030 Terraemotus

240 1050 377 1080 tamen,
392 1042 450 1089 qui
466 1040 555 1077 fiunt
563 1049 643 1078 aere
657 1043 844 1091 tranquillo
861 1043 973 1078 solent
986 1042 1052 1078 effe
1065 1041 1233 1089 majores,
1247 1043 1328 1090 quia
1344 1052 1420 1078 tum
1437 1053 1512 1079 tota
1521 1043 1692 1079 exhalatio
1700 1053 1859 1079 remanet
1873 1053 1972 1079 terrae

241 1088 368 1125 inclula
377 1112 387 1128 ‚
406 1090 491 1136 quin
504 1102 580 1138 pars
590 1092 788 1139 egrediatur
796 1094 839 1127 ad
848 1101 995 1128 ventum
1006 1091 1228 1127 causandum.
1923 1116 1927 1119 -
2010 1090 2011 1093 ¹

342 1138 508 1174 Crebrius
524 1140 628 1174 etiam
643 1139 751 1175 noctu
766 1142 869 1186 quam
886 1142 930 1174 de
939 1140 1014 1184 die3
1028 1139 1125 1186 quod
1145 1138 1166 1174 [i
1177 1138 1279 1174 etiam
1290 1139 1335 1174 de
1354 1138 1411 1174 die
1422 1139 1639 1186 frequentius
1655 1139 1801 1175 meridie
1815 1140 1974 1176 accidere

242 1184 365 1222 solent.
418 1188 523 1223 Ratio
533 1188 634 1235 primi
654 1189 716 1227 est,
731 1199 873 1236 propter
882 1188 1017 1237 frigoris
1028 1187 1288 1235 antiperistafim
1303 1188 1371 1235 qua
1388 1187 1519 1234 spiritus
1535 1190 1569 1222 in
1578 1188 1760 1235 angustum
1770 1191 1926 1237 cogitur,
1936 1189 1974 1225 ὃς

243 1234 473 1271 excalefactus
494 1236 719 1283 disrumpitur
733 1259 742 1276 ,
759 1237 933 1276 velcerte,
949 1236 1028 1284 quia
1042 1235 1150 1271 noctu
1168 1239 1221 1270 abr
1232 1235 1315 1270 solet
1323 1235 1390 1270 esse
1406 1237 1625 1283 tranquillior
1636 1246 1779 1285 propter
1794 1237 1972 1273 defectum

243 1283 344 1323 Solis³
355 1283 536 1319 educentis
546 1284 782 1320 exhalationes
796 1287 815 1320 e
830 1295 917 1320 terra
927 1286 1043 1325 ,unde
1053 1295 1127 1320 tum
1138 1284 1288 1320 maxime
1299 1284 1430 1331 spiritus
1440 1285 1646 1321 subterranei
1661 1285 1800 1332 possunt
1807 1287 1970 1333 concipe-

241 1342 427 1367 remotum
439 1343 498 1378 per
507 1342 604 1368 terrae
612 1332 749 1369 viscera.
803 1334 903 1369 Ratio
922 1333 1065 1368 secundi
1081 1333 1127 1368 est
1142 1356 1152 1373 -,
1167 1333 1246 1380 quia
1262 1334 1350 1368 Solis
1367 1333 1462 1369 calor
1476 1343 1562 1369 tunc
1577 1336 1764 1369 maximam
1779 1335 1849 1370 vim
1867 1335 1973 1369 habet

242 1379 375 1428 spiritus
391 1380 676 1421 exsuscitandi&
691 1380 904 1429 inmajorem
919 1382 1092 1418 raritatem
1108 1381 1318 1417 distrahendi
1333 1394 1344 1426 ;
1362 1381 1416 1416 vel
1433 1381 1554 1422 etiam,
1567 1383 1647 1431 quia
1656 1389 1713 1418 ae'r
1728 1393 1803 1418 tum
1819 1382 1866 1417 est
1881 1393 1973 1419 tran-

243 1427 400 1476 quillior,
416 1441 520 1476 quam
530 1429 602 1465 aliis
612 1431 679 1465 diei
689 1432 851 1478 partibus,
900 1431 968 1466 Alii
983 1431 1085 1466 etiam
1094 1430 1237 1470 volunt,
1252 1430 1342 1466 circa
1350 1442 1510 1465 auroram
1526 1431 1599 1466 fieri
1615 1432 1786 1466 maximos
1795 1441 1973 1466 terraemo-

241 1487 298 1513 tus
307 1500 316 1516 ,
326 1478 406 1524 quia
415 1489 458 1512 eo
474 1476 689 1525 potiffimum
699 1490 860 1528 tempore
870 1480 1001 1527 spiritus
1010 1479 1216 1528 concipiunt
1224 1489 1363 1514 motum
1372 1502 1383 1520 2
1402 1480 1497 1515 unde
1511 1479 1532 1515 fi
1542 1492 1615 1515 non
1625 1483 1668 1515 ad
1678 1490 1773 1515 extra
1780 1480 1970 1527 prodeunt,

240 1525 300 1561 sed
314 1526 407 1560 intus
418 1526 575 1574 serpunt,
592 1525 839 1563 concussiones
855 1528 1024 1565 efficiunt.

342 1580 581 1617 Observarunt
593 1581 629 1618 ὃ(
643 1583 716 1628 alii3
733 1593 950 1619 terraemotus
967 1595 1039 1619 non
1054 1595 1130 1620 raro
1146 1583 1209 1618 illis
1226 1581 1325 1616 annis
1337 1578 1426 1623 fieri,
1443 1583 1585 1631 quando
1597 1583 1809 1619 suntcrebroe
1825 1582 1966 1632 eclipses

241 1629 348 1669 Solis,
366 1630 534 1678 imprimis
551 1630 659 1666 Lunae
673 1654 683 1672 ‚
700 1633 779 1680 quia
794 1633 877 1668 dum
895 1631 1012 1668 deficit
1027 1633 1121 1668 calor
1138 1641 1301 1667 externus
1316 1652 1326 1669 ‚
1341 1630 1400 1677 qui
1416 1631 1569 1679 alioquin
1585 1641 1709 1666 terram
1726 1631 1857 1679 aperire
1872 1643 1972 1680 pote-

240 1688 311 1720 rat,
327 1690 480 1727 cumque
495 1678 615 1715 lumen
629 1681 717 1720 hoc,
734 1682 831 1728 quod
842 1679 1032 1716 universam
1052 1691 1210 1716 naturam
1225 1678 1332 1715 veluti
1348 1678 1461 1725 lpiritu
1475 1679 1567 1715 vitali
1582 1679 1716 1728 regit&
1729 1679 1898 1720 vivificat,
1912 1693 1973 1716 au·-

240 1728 367 1767 fermr,
384 1725 521 1811 nlelcesse
537 1727 601 1768 est,
622 1728 808 1765 deficiente
823 1729 956 1771 calore,
976 1742 1051 1765 non
1059 1729 1154 1766 recte
1170 1729 1245 1778 regi
1255 1727 1435 1768 inferiora,
1452 1727 1509 1764 sed
1523 1728 1671 1776 aliquam
1685 1729 1920 1766 mutationem
1935 1729 1972 1766 <Sc

241 1777 407 1811 m0tumi
435 1776 463 1810 is
476 1777 646 1816 accidere.

342 1833 533 1869 Conclusio
549 1835 648 1871 sexta.
699 1834 809 1882 Qod
820 1834 1090 1874 adterraemotus
1104 1834 1384 1884 magnitudinem
1401 1833 1544 1882 spectat,
1559 1833 1735 1871 ordinarie
1750 1844 1824 1869 non
1836 1846 1971 1871 concu·
2029 1842 2032 1876 ξ

244 1881 330 1917 titur
344 1893 511 1930 magnum
520 1892 687 1917 terrarum
704 1882 859 1930 spatium,
876 1894 942 1919 nec
955 1883 1280 1932 unaintcgtaregio.
1307 1884 1409 1919 Ratio
1424 1882 1570 1930 est,quia
1580 1894 1647 1917 nec
1661 1884 1962 1930 cavernae,quibus
2035 1907 2039 1910 -

242 1930 378 1977 spiritus
397 1931 560 1970 diffluunt
574 1954 583 1970 2
600 1932 689 1965 adeo
699 1931 818 1978 amplae
835 1931 921 1969 sunt.
980 1932 1060 1967 Nec
1075 1942 1168 1967 tanta
1182 1933 1334 1980 spiritum
1352 1932 1453 1980 copia
1467 1932 1502 1966 in
1517 1930 1636 1967 locum
1652 1943 1761 1966 unum
1779 1931 1971 1980 colligitur,
2028 1928 2045 1957 ²==

244 1988 305 2014 aut
318 1979 387 2013 vim
407 1979 498 2013 suam
514 1989 584 2013 tam
601 1978 668 2014 late
684 1981 851 2019 extendit,
918 1980 1074 2028 deo
1090 1991 1208 2016 tamen
1222 1992 1368 2017 caverna
1381 1981 1504 2029 ingens
1512 1977 1668 2015 altiffime
1685 1979 1812 2015 defoffa
1828 1981 1972 2028 propior

247 2027 373 2063 scilicet
391 2037 487 2062 terrae
507 2037 631 2063 centro
652 2027 837 2063 constituta
850 2027 913 2067 est,
931 2030 973 2064 [ic
987 2038 1025 2064 ut
1047 2030 1160 2064 eidem
1176 2039 1341 2077 tanquam
1360 2029 1486 2065 fornici
1501 2028 1615 2075 plures
1629 2038 1728 2063 tcrrae
1742 2028 1905 2076 regiones
1919 2029 1971 2063 in-

247 2077 433 2115 cumbant,
452 2087 534 2111 cum
551 2076 682 2123 spiritus
699 2075 938 2112 concuss'orins
952 2077 1080 2112 ibidem
1096 2078 1314 2118 accenditur,
1331 2078 1366 2113 ὃ(
1382 2077 1597 2126 exagitatur3
1620 2077 1721 2111 ctiam
1738 2077 1853 2124 plures
1873 2076 1972 2113 timul

246 2124 410 2173 regiones
427 2125 572 2160 concuti
587 2134 731 2171 queunt.
785 2125 881 2161 Hinc
900 2125 1041 2161 ulterius
1059 2126 1156 2166 dico,
1172 2126 1192 2161 fi
1207 2127 1242 2161 in
1262 2137 1384 2162 centro
1401 2136 1497 2161 terrae
1514 2137 1659 2162 caverna
1671 2124 1834 2160 ess‘etsatis
1843 2125 1967 2174 ampla,

247 2173 392 2220 pulvere
408 2174 640 2208 tormentatio
655 2173 832 2213 instructa,
851 2183 945 2209 tanta
956 2174 1037 2209 esset
1046 2175 1096 2210 vis
1113 2174 1238 2210 halitus
1255 2174 1405 2217 accenli‚
1421 2184 1459 2210 ut
1467 2183 1540 2209 tota
1556 2174 1638 2209 inde
1652 2183 1749 2209 terrae
1766 2173 1879 2209 moles
1894 2186 1971 2210 non
2014 2190 2015 2193 ¹

247 2222 386 2261 leviter,
401 2233 467 2257 nec
484 2221 875 2270 ssneingentibusruinis
884 2232 1095 2270 quateretur.
1493 2265 1498 2270 ,

346 2270 532 2306 Coeterum
547 2272 689 2317 quando
706 2271 898 2319 contingit,
913 2281 951 2306 ut
964 2271 1079 2319 plures
1088 2272 1250 2320 regiones
1259 2273 1385 2308 eodem
1399 2279 1599 2307 terraemotu
1615 2270 1879 2311 concutiantur,
1896 2270 1971 2307 fieri
2019 2275 2030 2312 Ἰ

248 2318 286 2353 id
295 2318 397 2353 etiam
414 2318 542 2366 poterit
557 2320 741 2354 obnexum
752 2320 852 2355 unius
863 2330 959 2354 terrae
976 2331 1057 2355 cum
1072 2320 1150 2359 alia,
1166 2320 1232 2355 five
1247 2322 1344 2368 quod
1362 2320 1494 2368 spiritus
1510 2319 1712 2366 sulphureus
1729 2321 1892 2354 accenius
1908 2331 1970 2367 per

247 2369 402 2402 ramosos
418 2368 653 2403 subterraneos
661 2378 794 2403 meatus
811 2368 1067 2415 quaquaversus
1078 2368 1240 2416 dispersus
1250 2369 1402 2404 fulminis
1418 2368 1518 2404 instar
1526 2367 1708 2408 dispumat,
1729 2368 1808 2403 &in
1818 2367 1898 2403 alias
1914 2380 1970 2404 ca-
2016 2403 2017 2406 ,
2053 2382 2054 2418 3

247 2427 368 2451 vernas
378 2415 639 2451 delatuslimiles
651 2414 777 2452 efficiat
793 2416 1067 2457 concitationes,
1082 2417 1195 2464 ficque
1203 2417 1299 2465 plura
1308 2428 1405 2452 terrae
1415 2416 1493 2452 loca
1509 2417 1543 2450 in
1562 2414 1635 2463 ejus
1650 2415 1826 2463 superficie
1842 2416 1970 2452 consti·
1994 2441 1995 2444 ,
2014 2444 2017 2449 ,

248 2473 321 2499 tuta
336 2476 408 2500 uno
419 2465 508 2511 pene
518 2474 704 2500 momento
719 2464 903 2504 convellat.
955 2465 1061 2500 Unde
1072 2465 1214 2514 colliges
1223 2489 1233 2505 ‚
1243 2465 1505 2514 improbabilem
1517 2464 1583 2499 esse
1598 2465 1739 2499 Senecae
1751 2464 1969 2512 opinionem,
1989 2475 2003 2513 -g

248 2513 664 2560 qui1‘atus‚te1·raemotum
678 2525 752 2547 non
770 2512 909 2548 extendi
919 2512 1197 2560 poffeulua200.
1210 2513 1494 2549 milliarialtalica.
1546 2512 1672 2547 Praeter
1685 2514 1780 2547 enim
1796 2513 1903 2549 dietas
1918 2526 1970 2549 ra-
1995 2519 2019 2562 >353

247 2559 736 2609 tionesreclamatcontraipsa
755 2560 976 2609 experientia.
1029 2562 1201 2609 Imprimis
1217 2563 1311 2598 enim
1329 2562 1439 2598 scribit
1451 2561 1622 2609 Josephus
1637 2561 1655 2596 a
1671 2561 1794 2601 Costa,
1809 2561 1844 2596 in
1857 2573 1968 2610 regno
1992 2563 2020 2612 ἐξ

245 2608 441 2645 Peruviauo
456 2610 656 2655 frequenter
666 2610 780 2654 ad15o.
798 2610 851 2645 vel
862 2611 965 2644 etiam
976 2611 1018 2645 ad
1027 2622 1104 2654 500.
1120 2611 1235 2647 leucas
1250 2622 1433 2646 excurrere
1484 2610 1540 2645 Sic
1559 2610 1661 2645 etiam
1679 2608 1804 2645 Paulus
1823 2611 1968 2646 Orolius

247 2657 492 2702 testatur·lil).7.
503 2657 589 2692 Hist.
599 2669 628 2693 c.
640 2670 684 2703 32.
700 2658 758 2693 sub
768 2658 1017 2693 Valentiniano
1027 2669 1264 2694 terraemotum
1279 2671 1340 2708 per
1350 2669 1464 2694 totum
1476 2669 1565 2706 pene
1579 2668 1747 2693 terrarum
1764 2659 1885 2693 orbem
1894 2659 1966 2694 edi·
1991 2662 2015 2720 j

252 2716 340 2741 tum.
392 2707 477 2741 Item
488 2718 580 2742 anno
591 2709 676 2742 1601.
694 2707 1091 2754 eodemtemporeAssa‚
1107 2707 1286 2755 &Europa
1302 2717 1376 2743 tota
1391 2708 1486 2742 fuere
1501 2705 1670 2742 concuss'ae
1683 2729 1695 2747 ‚
1712 2716 1750 2741 ut
1766 2707 1812 2742 ait
1824 2706 1861 2744 P.
1870 2707 1972 2749 Rho-.
1988 2729 2019 2776 Ὢ

253 2755 326 2789 des.
375 2755 502 2800 Judico
516 2765 724 2790 tamencum
742 2755 1002 2803 graviAuthore
1012 2756 1167 2803 Didymo
1176 2767 1260 2790 mox
1268 2755 1564 2795 cstandomullum
1575 2765 1713 2790 motum
1723 2764 1833 2790 totam
1842 2765 1969 2790 terram
1992 2758 2008 2803 ζ

252 2800 454 2838 concuffiffe
470 2801 654 2842 hactenus,
668 2814 791 2850 praeter·
804 2815 883 2838 eum
899 2826 909 2843 ‚
934 2804 992 2851 qui
1006 2814 1166 2852 tempore
1176 2805 1371 2840 Dominicae
1382 2801 1545 2839 Paffionis
1560 2804 1674 2838 divina
1687 2803 1813 2839 virtute
1828 2805 1963 2840 accidit.
1996 2815 1999 2839 ,ι’

250 2851 360 2898 Qod
375 2852 529 2897 prodidit
537 2852 659 2886 citatus
668 2853 826 2891 Aridior,
842 2851 940 2898 cujus
951 2854 995 2887 de
1016 2853 1125 2888 haere
1140 2852 1373 2888 testimonium
1385 2857 1488 2888 relert
1497 2852 1630 2886 Catena
1644 2851 1812 2899 superjob
1823 2851 1968 2888 collecsta
1992 2844 2000 2910 ἑ

250 2900 269 2934 ὲ
278 2910 426 2947 quatuor
435 2899 469 2934 ὅ(
478 2899 597 2946 viginti
607 2899 748 2935 Graeciae
758 2899 981 2935 Doctoribus.
1031 2904 1237 2939 'seri-remotus,
1252 2901 1363 2948 inquit
1372 2899 1534 2947 ,saepbfitmt
1546 2905 1576 2932 in
1589 2905 1674 2933 terris
1687 2913 1698 2944 3
1715 2900 1978 2947 vertim,quian-‚
1991 2919 1998 2948 s.

249 2957 294 2986 te,
316 2949 362 2981 vel
368 2946 424 2994 pust
438 2947 584 2991 Chrtflum
597 2948 780 2989 exstiterunt,
792 2959 905 2995 partem
926 2948 1079 2994 quandam
1093 2961 1173 2982 term
1187 2960 1373 2995 otcuparusnt.
1445 2952 1520 2981 Mei
1536 2959 1636 2981 autem
1652 2947 1759 2992 Chrtsti
1771 2958 1897 2995 tempore
1909 2963 1965 2982 non
1977 2970 1981 2976 ·
1992 2957 2015 2989 ’,χ

246 3000 381 3042 privatus
393 2997 451 3036 fm't
466 2999 569 3042 aliquis
580 3007 660 3030 terme
673 3008 785 3037 motus,
793 2996 848 3042 fid
859 3008 918 3031 tota
932 3000 990 3045 spJa
1006 3008 1087 3032 term
1102 2998 1284 3045 conqtmffizta
1297 2996 1349 3042 eft,
1367 2998 1403 3034 (ῥ’
1416 3007 1512 3031 centra
1531 2999 1675 3041 convuffa.
1699 2996 1785 3033 Haec
1793 2998 1965 3044 Didymus
2013 3023 2015 3029 ,

248 3044 290 3079 ad
300 3054 413 3091 caput,
424 3056 455 3090 9.
464 3044 520 3084 lib,
530 3044 632 3080 citati.
1989 3052 1991 3054 ’

1867 3140 1965 3176 Con-
