2054 3496
258 177 349 228 172
939 156 1306 228 Meteorologia

251 239 413 288 repagula
422 236 654 284 disjiciuntun
663 247 738 283 quae
749 235 866 270 sensim
876 246 964 282 aqua
973 245 1126 275 excavat,
1136 235 1266 282 fibique
1273 235 1364 270 viam
1371 257 1382 274 ,
1392 245 1461 282 qua
1475 234 1648 273 dilatetur,
1654 231 1774 279 aperit.
1798 230 1980 266 Nonnun-
2025 242 2029 283 ⁴}

253 300 356 334 quam
372 287 465 322 cert&
486 285 611 321 divinae
636 284 863 332 providentiae
889 283 1114 330 dispolitione
1127 292 1270 330 propter
1290 283 1479 318 hominum
1493 282 1618 318 scelera
1630 303 1642 322 2
1656 280 1780 317 aliasve
1794 277 1911 316 caulius
1924 276 1981 320 fit,
2028 306 2030 313 Α

253 345 292 371 ut
306 346 400 371 mare
409 344 504 370 extra
517 333 605 368 fines
619 331 788 381 egressum
804 332 840 367 in
859 333 1104 368 continentem
1119 331 1330 367 effundatur.
2026 330 2030 344 ’·

534 463 1134 532 CONCLUSIO
1177 432 1690 530 PoLlTloA.

422 560 1100 720 Correspondentissuffi
1127 561 1618 701 ffiffmunieatio
1638 558 1785 631 Rei-

1762 1158 1895 1165 —

1771 1174 1895 1181 -—

1786 1197 1894 1205 -.-

1791 1206 1895 1213 —

1795 1214 1895 1221 .—

1816 1253 1895 1267 =

1882 1436 1894 1459 Ξ

1887 1461 1894 1477 =

1890 1479 1894 1486 .

345 2430 419 2465 Tut
432 2439 537 2464 mons
551 2425 778 2475 montijungi
793 2438 866 2462 non
883 2425 1016 2475 potest,
1037 2437 1105 2463 nec
1121 2423 1240 2466 diffitae
1255 2425 1374 2463 Insulae
1391 2425 1610 2466 conveniunt
1629 2440 1640 2462 ε
1660 2425 1768 2463 Terra
1789 2426 1884 2464 enim
1906 2428 1987 2471 stat,

355 2478 413 2514 suo
430 2478 464 2512 in
480 2489 543 2512 axe
565 2476 698 2512 firmata
714 2490 723 2511 ε
750 2476 820 2524 Ipsa
828 2485 948 2511 tamen
961 2475 1085 2515 maria,
1101 2485 1416 2524 quantumcunque
1437 2474 1606 2522 disjunfita
1620 2498 1630 2516 ‚
1646 2487 1720 2511 non
1734 2476 1835 2525 leipfit
1856 2477 1988 2519 solum,

356 2528 411 2562 sed
422 2526 457 2562 ἀ
470 2536 574 2561 terras
583 2524 740 2574 jungunt
754 2547 764 2564 ,
787 2524 916 2572 fibique
933 2524 1210 2562 communicant.
1277 2524 1421 2560 Habent
1439 2523 1523 2559 ostia
1549 2524 1605 2559 sua
1617 2545 1628 2564 ‚
1645 2524 1805 2572 sinusque
1822 2535 1987 2568 mutuos,

257 2577 382 2624 quibus
397 2575 535 2610 marein
551 2585 645 2609 mare
662 2572 793 2612 influit,
810 2572 846 2608 ὅ(
856 2582 932 2620 quae
945 2571 1088 2607 fuerunt
1106 2571 1213 2621 longe
1223 2595 1235 2612 ‚
1249 2570 1339 2607 fiunt
1352 2573 1471 2620 prope.
1521 2572 1680 2612 Habent,
1695 2583 1770 2620 quae
1787 2573 1888 2609 dorso
1905 2586 1986 2623 por·

258 2635 350 2664 tant,
365 2624 515 2671 navigia,
533 2623 656 2670 quibus
665 2621 789 2658 Austro
798 2622 944 2656 Boream
949 2617 1106 2668 jungunt
1121 2643 1131 2661 ,
1142 2621 1327 2656 hominem
1341 2622 1385 2656 ad
1394 2620 1577 2656 hominem
1593 2621 1820 2661 transferunt,
1829 2623 1986 2672 negotia·

257 2674 373 2709 tiones
382 2681 612 2720 promovent,
621 2681 738 2705 mores
749 2669 905 2704 moribus
915 2668 1141 2704 conformant
1148 2691 1158 2709 ,
1166 2680 1288 2704 arcana
1297 2670 1470 2705 mentium
1479 2669 1754 2706 communicant.
1779 2669 1906 2707 Fluunt
1913 2682 1986 2707 ma·

258 2722 323 2762 ria,
333 2721 367 2757 &
376 2730 500 2755 mutuo
510 2729 652 2754 manant
661 2718 819 2767 epistolae,
871 2716 1068 2752 Illuuntuur
1077 2717 1232 2765 emporia
1241 2740 1251 2757 ‚
1266 2716 1302 2752 ὅ(
1312 2716 1440 2753 florent
1454 2717 1676 2754 commercia.
1727 2718 1862 2754 Volant
1869 2719 1985 2755 curso·

258 2781 325 2809 res,
335 2770 371 2805 ὃς
379 2768 463 2804 aulae
472 2769 770 2803 confoederantur.
796 2763 940 2801 Mobilia
949 2764 1024 2800 sunt
1031 2766 1134 2801 maria
1141 2788 1151 2806 ‚
1160 2765 1261 2801 sedin
1270 2766 1335 2801 hac
1342 2765 1535 2802 mobilitate
1543 2764 1890 2812 Rerumpublicarum
1899 2779 1986 2804 con.

259 2817 511 2855 fistitstabilitas.
560 2816 660 2851 Velis
680 2816 854 2863 remisque
875 2815 961 2849 dum
976 2823 1103 2848 mutuo
1118 2825 1180 2862 per
1193 2814 1281 2861 ipsos
1305 2816 1477 2850 undarum
1491 2823 1631 2848 montes
1645 2812 1680 2849 ὅ(
1694 2825 1788 2849 arma
1805 2836 1816 2855 ‚
1844 2815 1881 2851 ὅ(
1894 2827 1986 2852 mer-

261 2878 319 2904 ces
334 2889 344 2907 ,
358 2865 393 2902 ὅ(
406 2865 552 2913 ablegati
568 2866 796 2899 conferuntur
810 2886 821 2903 ,
842 2873 949 2912 regna
965 2862 1135 2897 uniuntur
1148 2885 1160 2903 ,
1185 2862 1229 2897 fic
1245 2863 1341 2898 unita
1356 2874 1432 2898 non
1455 2861 1655 2898 vincuntur.
1729 2861 1848 2898 Naves
1870 2863 1906 2900 ἀ
1927 2865 1985 2901 tri.

261 2925 374 2951 remes
393 2923 520 2960 pontes
534 2911 610 2948 sunt
625 2913 771 2952 marini,
793 2912 918 2959 quibus
935 2921 1083 2958 regnum
1099 2911 1143 2946 ad
1157 2922 1325 2960 regnum,
1344 2911 1481 2946 animus
1501 2911 1544 2945 ad
1562 2910 1718 2945 animum
1734 2911 1881 2947 accedit.
1907 2913 1985 2949 Ma.

260 2965 290 3001 ri
304 2960 516 3011 potiffimum
532 2961 623 2996 suam
638 2960 784 2996 stabilire
804 2960 980 2995 fortunam
995 2981 1006 2999 ‚
1022 2970 1200 2994 armorum
1220 2958 1258 2995 &
1271 2959 1494 2995 consiliorum
1515 2970 1598 2994 cum
1617 2959 1742 2994 exceris
1761 2956 2004 3005 conjunffioe

262 3024 310 3047 ne
323 3011 415 3046 suafit
430 3009 577 3046 Carolus
592 3009 637 3045 V.
654 3009 758 3043 Rom.
774 3009 862 3055 Imp,
913 3007 1011 3054 Quid
1033 3018 1186 3055 namque
1200 3016 1271 3042 tam
1287 3006 1335 3042 est
1349 3007 1502 3043 validum
1522 3016 1562 3042 ac
1576 3016 1722 3054 potens,
1738 3008 1835 3054 quod
1851 3008 1981 3045 amico·

263 3072 342 3098 rum
352 3059 471 3108 copias
485 3058 521 3095 ὅ(
535 3068 620 3106 opes
636 3055 879 3105 sunuljunfi‘tas
894 3078 905 3100 ‚
920 3055 1016 3096 velut
1040 3055 1136 3092 binas
1154 3066 1279 3094 manus
1298 3056 1440 3092 sociatas
1453 3055 1617 3103 vinceret,
1636 3054 1812 3104 colligatas
1827 3056 1982 3094 dissolve·

1945 3116 1984 3143 re
