2054 3496
1212 138 1226 154 A

854 184 867 199 ,ἐ
1628 189 1629 192 ,

643 278 645 281 ¹
685 210 1251 284 Philosoph1c0÷Poht1ca
1707 221 1804 274 295

84 284 240 323 naturale
253 308 264 328 ,
279 298 383 335 quam
398 287 578 327 fae'titium.
627 289 735 336 Apud
754 290 859 325 Indos
874 299 990 325 tamen
1006 288 1091 324 teste
1106 286 1292 324 Aristotele
1308 287 1343 322 in
1353 284 1473 323 moral.
1488 294 1533 320 aes
1548 283 1637 320 adeo
1651 282 1808 319 lucidum

84 334 272 382 &purum,
286 346 353 371 nec
368 347 442 371 non
458 336 617 383 rubigine
631 348 750 375 carens
761 338 925 377 inveniri,
941 347 979 372 ut
993 339 1108 383 neque
1123 335 1245 371 colore
1265 334 1363 370 distet
1377 335 1419 369 ab
1429 344 1526 369 auro.
1576 332 1644 367 Sed
1653 331 1730 367 &in
1738 332 1808 367 Da-

87 380 127 429 rij
137 382 272 430 poculis
283 383 388 418 'cados
397 384 738 420 nonnullosinveniri
749 386 858 422 scribit
872 386 966 420 idem
982 408 993 426 ,
1015 386 1074 433 qui
1090 396 1156 420 nec
1172 384 1238 419 alio
1247 383 1349 431 paeto
1365 405 1375 423 ,
1392 393 1497 430 quam
1514 381 1626 416 odore
1639 402 1650 421 ,
1664 380 1751 414 aenei
1763 385 1808 415 an

87 430 270 477 aureifssnt,
280 431 463 467 internosci
479 432 628 480 poliunt.
653 467 656 470 ,
764 463 770 469 .
1079 443 1082 445 ’

186 480 331 528 Qaeres
345 480 460 514 tertio.
512 481 600 528 Qae
613 481 819 517 mirabiliora
836 492 941 528 opera
949 492 991 516 ex
1001 492 1066 516 aere
1076 479 1337 516 recenseantur?
1352 478 1451 525 Resp.
1468 476 1677 524 Interprima
1685 476 1725 510 ab
1734 477 1807 510 Au-

87 526 248 562 thoribus
263 528 386 575 reponi
402 537 544 563 centurn
554 529 595 563 ex
604 540 670 563 aere
680 529 753 564 fuso
762 529 945 577 Babylonis
954 539 1080 576 portas.
1132 529 1296 565 Secundo
1316 530 1516 561 numeratur
1530 535 1644 560 aencus
1659 524 1807 570 ampho-

84 587 200 610 rarum
211 575 348 621 triginta
358 585 484 616 crater,
494 577 565 623 quo
576 577 726 612 Craesum
742 578 918 613 donarunt
927 575 1199 623 Lacedaemonij.
1251 577 1299 610 Ex
1310 576 1438 610 eodem
1457 574 1491 608 fu
1498 573 1548 608 sus
1564 574 1655 621 apud
1672 571 1806 606 Rhodi-

87 635 128 658 os
138 623 226 658 Solis
240 614 413 659 Coloffus;
458 625 680 673 Septuaginta
700 625 755 660 ille
772 627 970 661 cubitorum
986 626 1174 661 altitudinis
1190 625 1254 659 luit
1272 647 1281 663 ,
1295 633 1333 658 ut
1344 622 1483 658 testatur
1496 621 1625 656 Plinius
1640 620 1719 666 l.34.
1735 631 1763 657 c.
1773 630 1805 664 7.

84 670 166 706 Post
173 671 494 719 quinquagesimum
504 676 633 720 annum
643 675 738 708 terrae
748 673 847 713 motu
857 671 1186 722 p1·ostratus,multis
1198 670 1426 718 etiamjacens
1433 669 1600 705 miraculo
1611 668 1667 705 est.
1692 684 1694 686 >
1718 667 1805 702 Pau-

87 719 121 755 ci
138 719 302 767 pollicem
311 719 384 767 eju's
392 720 695 768 ampleoebantur.
723 719 874 766 Majores
890 725 986 757 erant
996 723 1111 770 digiti,
1128 733 1231 769 quam
1249 718 1556 768 pleraequestatuae.
1582 715 1676 753 Vasti
1687 716 1804 763 specus

83 767 269 803 confraffis
279 768 420 804 hiabant
429 770 603 806 membris.
617 770 815 805 Duodecim
824 771 919 806 annis
929 769 1069 806 tradunt
1085 769 1248 806 effectum
1258 768 1423 803 'trecentis
1438 766 1582 802 talentis.
1631 765 1736 799 Unde
1751 764 1805 799 in-

85 825 136 852 ter
150 814 278 863 septem
294 817 586 854 mundimiracula
600 816 770 865 receptus.
875 854 878 857 ,

98 900 103 904 ,
162 900 165 904 ,
184 862 374 900 Cohelulio
384 864 495 904 tertia.
547 866 686 901 Ferrum
702 867 749 901 est
767 864 944 901 metallum
955 865 1129 914 impurum
1142 876 1183 900 ex
1199 864 1350 912 plurimo
1361 861 1519 909 sulphure
1533 861 1642 896 crudo
1658 859 1805 895 terrestri

83 912 315 954 &adurente,
331 913 520 949 &modico
528 924 672 964 argento
683 915 761 950 vivo
773 914 922 950 fimiliter
932 915 1069 961 impuro
1079 914 1265 961 ,genitum
1319 911 1486 947 Nativum
1498 910 1531 944 in
1542 909 1668 944 fodinis
1678 909 1803 955 reperi-

83 961 141 997 tur
149 961 255 997 veluti
265 962 369 1010 grana
383 962 437 1001 seu
447 962 560 998 massa.
612 961 816 998 Conflatum
831 962 1047 1010 eklapidibus
1057 962 1173 1007 ferreis
1182 961 1236 996 vel
1245 970 1333 995 terra
1341 960 1441 994 rubra
1449 980 1458 998 ,
1468 958 1640 1005 l'crrugine
1649 956 1738 1004 quali
1748 956 1803 990 lae-

85 1009 117 1045 sa
131 1009 349 1058 excoquitur.
399 1009 515 1058 Hujus
532 1010 658 1058 species
667 1010 825 1058 quae‘dar'n
839 1004 886 1046 est
894 1011 1033 1057 chalybs
1045 1031 1054 1049 a
1072 1010 1108 1045 ὅ(
1124 1009 1170 1045 est
1185 1010 1314 1044 ferrum
1323 1017 1507 1056 purgatum
1517 1006 1698 1054 &ignibus
1714 1004 1804 1039 mul-

9 1085 12 1101 ς
81 1058 341 1106 ’ῑίὲὸεειςυειῒυῐῐί
358 1058 478 1095 crebra
492 1059 712 1098 ‘restinfflone
728 1060 938 1097 induratum.
990 1058 1049 1098 Et,
1063 1068 1102 1093 ut
1116 1057 1270 1105 loquitur
1287 1055 1486 1092 Aristoteles
1501 1077 1511 1093 ,
1527 1054 1664 1100 chalybs
1677 1053 1695 1087 a
1710 1053 1802 1087 ferro

37 1128 39 1130 ·
79 1105 298 1156 distinguitur
315 1117 479 1155 tanquam
498 1106 570 1154 ejus
594 1107 748 1144 nucleusi
798 1099 946 1144 Nativ'us
963 1107 1101 1154 chalybs
1117 1106 1201 1141 olim'
1219 1106 1402 1141 cruebatur
1417 1114 1459 1138 ex
1474 1102 1554 1138 loco
1570 1101 1744 1141 Thraciae,
1761 1113 1800 1136 u-

80 1154 116 1191 bi
125 1153 300 1202 Chalybes
315 1156 434 1204 populi
449 1156 657 1201 habitabant.
671 1192 673 1197 ,
798 1192 802 1196 .
848 1189 855 1195 .
912 1195 914 1197 ,
1036 1191 1038 1194 .
1299 1192 1300 1195 ,
1376 1189 1398 1197 μ

84 1239 86 1242 ,
176 1202 365 1240 Conclusso
376 1213 506 1252 quarta·²
556 1201 786 1252 Proprieta'tes
797 1202 900 1251 hujus
910 1201 985 1238 sunt
993 1201 1118 1250 primo,
1129 1202 1225 1250 quod
1236 1201 1273 1236 fit
1285 1196 1499 1235 duriffimum
1510 1197 1669 1233 omnium
1680 1197 1800 1232 metal-

79 1251 215 1297 lorum}
229 1253 389 1288 duritiem
404 1256 522 1288 tamen
539 1254 628 1288 hanc
637 1253 781 1301 acquirit
789 1255 952 1300 tanquam
967 1263 1028 1298 per
1037 1252 1160 1298 gradus
1175 1262 1235 1298 per
1249 1259 1533 1296 temperaturam,
1551 1258 1629 1281 nam
1647 1246 1800 1281 candens

82 1301 213 1336 ferrum
229 1300 366 1336 mollius
383 1301 445 1341 est,
460 1301 586 1337 &ideo
597 1302 697 1337 facile
708 1301 883 1345 tunditur3
899 1294 996 1347 cujus
1006 1301 1092 1335 ratio
1103 1299 1149 1334 est
1164 1298 1320 1333 humoris
1330 1295 1507 1332 rarelaciio
1516 1315 1526 1334 ,
1536 1296 1631 1329 unde
1645 1293 1702 1328 nili
1713 1304 1799 1328 tem-

85 1351 226 1396 peretur
240 1372 251 1389 ,
275 1351 378 1384 etiam·
399 1347 492 1398 refrik
507 1350 621 1385 escens
641 1344 779 1384 mollius
793 1348 884 1385 esset.
939 1348 1079 1395 Qodfi
1099 1349 1253 1383 candens
1262 1356 1362 1381 aceto
1379 1345 1620 1392 immergatur,
1636 1343 1724 1389 adeo
1737 1343 1800 1395 ιὶιιἴ

78 1397 193 1437 reicit,
209 1398 502 1434 utmalleisintrat
517 1397 604 1433 abile
618 1399 793 1447 frangatur
808 1398 925 1436 cicius,
942 1402 1045 1443 quam
1057 1395 1087 1431 se
1096 1396 1176 1431 duci
1191 1394 1353 1442 patiatur,
1369 1394 1458 1428 forte
1473 1393 1552 1439 quia
1566 1400 1704 1425 acetum
1720 1391 1800 1424 ferri

78 1447 213 1480 'meatus
228 1445 414 1493 penetrans
430 1442 567 1482 illudita
581 1446 792 1495 coiistringit.
842 1446 978 1480 Verum
994 1446 1215 1480 ututdurum
1232 1444 1284 1483 lit,
1300 1438 1433 1477 affiduo
1449 1450 1565 1476 tamen
1580 1438 1639 1473 usu
1649 1439 1799 1492 conteri-

78 1492 152 1534 tur,
166 1495 331 1541 quoniam
342 1496 384 1529 ad
401 1492 474 1542 ejus
483 1494 745 1542 generationem
755 1495 869 1529 minus
884 1494 1015 1541 argenti
1029 1493 1096 1529 vivi
1107 1493 1161 1527 seu
1173 1492 1348 1530 humoris,
1364 1489 1439 1537 plus
1454 1500 1540 1524 vero
1558 1487 1724 1534 sulphuris
1733 1495 1799 1521 ter-

78 1542 189 1577 restris
202 1543 388 1580 concurr-in
441 1543 500 1578 Ob
512 1544 660 1578 eandem
670 1543 841 1589 ratiOnem
852 1540 1161 1589 difficilellquatur,
1173 1552 1254 1575 cum
1264 1538 1407 1574 modico
1419 1537 1703 1585 nempehumore
1713 1546 1799 1570 con-

76 1587 378 1631 stendearfflffimo
396 1592 543 1639 partium
560 1591 758 1638 complexu.
808 1590 1114 1635 Tingiturdiverli's
1125 1588 1312 1625 coloribus.
1365 1586 1535 1622 Redditur
1552 1583 1736 1620 caeruleum
1755 1595 1797 1618 ex

77 1630 192 1686 lapide
209 1634 363 1687 quodam
373 1644 415 1674 ex
425 1637 583 1675 Gallaecia
591 1639 704 1677 allato.
754 1631 987 1674 Similelitaeri
997 1649 1039 1673 ex
1048 1645 1147 1673 aceto
1158 1635 1212 1673 vel
1229 1634 1380 1672 alumine
1396 1648 1407 1680 3
1419 1632 1618 1670 redditur&
1628 1632 1742 1667 album
1751 1654 1761 1671 ,
1776 1631 1798 1666 ss

79 1684 205 1722 lamina
213 1688 321 1723 terrea
334 1687 455 1722 stanno
467 1689 679 1728 obducatur,
694 1687 840 1722 minime
849 1692 964 1722 tamen
973 1687 1112 1734 perhoc
1124 1691 1281 1721 naturam
1296 1682 1388 1719 suam
1399 1690 1526 1722 mutat,
1540 1692 1662 1716 verum
1671 1678 1797 1715 solum-

78 1736 190 1770 modo
207 1733 277 1771 aliis
299 1736 535 1772 accidentibus
551 1736 737 1776 investitur.
791 1731 1026 1772 Accenditur-,1
1039 1735 1236 1782 priusquam
1246 1731 1415 1781 liquefiat,
1431 1733 1476 1767 ob
1495 1727 1568 1778 ejus
1583 1729 1746 1764 duritiem
1761 1728 1798 1764 ὅ(

77 1785 261 1831 modicum
275 1785 461 1831 humorem
477 1797 488 1829 3
505 1778 650 1820 admoto
664 1786 782 1820 tamen
806 1780 967 1832 sulphure
986 1783 1095 1818 statim
1109 1782 1263 1831 liquescit
1277 1800 1288 1822 ᾗ
1306 1781 1341 1817 ὅ(
1357 1780 1518 1829 guttatim
1535 1778 1680 1818 decidit,
1693 1787 1798 1825 atque

78 1832 252 1882 ingratum
260 1834 407 1868 odorem
424 1833 598 1879 diffundit.
682 1870 686 1879 ,-
875 1869 879 1875 k
946 1869 949 1875 Ζ
1243 1872 1246 1877 ¹
1487 1868 1489 1870 ¹

132 1917 134 1919 .
183 1882 327 1930 Qaeres
338 1882 464 1929 primo.
515 1881 713 1929 Qomodo
729 1880 857 1916 ferrum
872 1880 907 1915 in
923 1879 1103 1927 chalybem
1124 1879 1248 1915 mutari
1263 1875 1395 1926 possit?
1416 1875 1515 1923 Resp.
1527 1885 1586 1909 me
1597 1866 1701 1921 paulo
1717 1883 1797 1909 ante

77 1928 180 1976 hujus
190 1931 390 1965 'mutationis
392 1928 465 1976 jam
475 1929 650 1966 insinuail'e
658 1930 823 1970 modum,
840 1940 967 1974 nempe
983 1928 1003 1963 li
1011 1929 1163 1964 candens
1177 1936 1277 1963 aceto
1293 1927 1528 1974 immergatur,
1579 1923 1674 1958 Hinc
1690 1922 1796 1958 Lace-

77 1976 256 2014 'daemonii's
266 1981 342 2014 mos
357 1979 566 2014 numismata
575 1990 618 2014 ex
633 1978 749 2014 ferreis
764 1976 916 2013 conflare
924 1976 1052 2012 baculis
1066 2000 1076 2018 ,
1091 1986 1191 2012 aceto
1209 1986 1369 2023 mergere
1384 1973 1569 2009 candentia
1581 1994 1591 2011 ,
1607 1983 1652 2006 ne
1667 1971 1796 2017 fragilia

78 2024 113 2061 in
122 2026 206 2061 alios
222 2027 511 2075 depromerentur
524 2026 616 2068 usus„
646 2026 816 2061 Plutarchus
829 2039 861 2059 m
875 2029 1012 2073 Lycurgo.
1079 2025 1292 2060 Weckerus
1315 2033 1399 2059 vero
1416 2021 1504 2057 aceti
1521 2021 1602 2055 loco
1624 2029 1795 2054 atramen-

75 2084 115 2117 to
138 2074 265 2121 sutorio·
286 2075 460 2111 utendum
483 2073 554 2120 ait3
588 2075 909 2120 Cardanusautem
924 2072 1054 2110 cortice
1073 2073 1152 2108 mali
1167 2072 1296 2120 punici.
1349 2070 1521 2105 Omnium
1536 2079 1653 2104 tamen
1669 2068 1795 2102 certius

80 2122 315 2172 Magisteriurn
323 2123 388 2163 est,
401 2121 532 2159 ferrum
543 2123 656 2171 saepius
666 2120 923 2162 candefae'tum,
939 2121 959 2157 fi
974 2120 1103 2170 frigidae
1118 2121 1360 2169 immergatur,
1374 2117 1544 2154 firmariin
1555 2116 1747 2163 chalybem.
1761 2116 1795 2150 Si

80 2166 201 2207 rameii
214 2169 352 2220 chalybs
362 2170 446 2220 saepe
463 2172 660 2220 candescat,
677 2171 713 2209 ὅ(
723 2172 807 2208 citra
820 2177 948 2206 novam
957 2170 1246 2213 temperationem
1256 2164 1653 2215 frigescamremollescit,
1704 2163 1797 2199 Pari-

85 2224 137 2256 ter
147 2220 265 2256 lixivio
275 2221 293 2255 e
302 2219 418 2256 'cinere
425 2221 560 2256 roboris
569 2220 604 2257 ὅ(
620 2220 714 2256 calce
726 2216 803 2256 viva
812 2219 906 2255 horis
915 2218 1046 2254 duabus
1055 2217 1176 2254 coetus
1190 2214 1367 2253 mollescit.

173 2267 317 2316 Qaeres
327 2268 490 2305 seeundo.
541 2260 668 2304 Utrum
686 2269 815 2304 ferrum
831 2269 931 2303 certis
945 2264 1165 2302 mineralibus
1179 2263 1274 2312 aquis
1289 2262 1487 2299 immersum
1505 2263 1540 2297 in
1556 2272 1600 2296 aes
1614 2270 1795 2296 converta-

78 2317 157 2356 tur?
170 2317 274 2365 Resp.'
283 2323 398 2365 'patere
412 2319 483 2353 hoc'
495 2318 707 2365 experientia
717 2318 759 2352 ex
768 2317 806 2352 iis
814 2340 823 2356 ,
832 2325 907 2364 quat
918 2315 1125 2350 adduximus
1133 2313 1177 2349 de
1187 2313 1409 2349 mineralibus
1417 2311 1512 2358 aquis
1520 2333 1530 2351 ,
1547 2310 1704 2357 quamvis
1713 2320 1794 2344 cen-

77 2365 266 2406 seam‚ri0n
282 2365 530 2413 effepropriam
539 2365 849 2412 conversionem&
868 2361 1116 2399 substantialem
1132 2362 1477 2398 transmutationem,
1495 2370 1576 2393 nam
1592 2357 1794 2405 corpuscula

77 2424 165 2449 aerea
179 2413 429 2462 perm'inerales
438 2416 541 2458 aq'uas
550 2411 1095 2450 adveecalaminaeferriduntaxat
1105 2412 1136 2447 se
1151 2410 1314 2460 affigunt,
1329 2409 1460 2456 suoque
1474 2406 1607 2442 affritiu
1623 2406 1740 2442 sensuri
1757 2406 1794 2440 fi-

85 2474 132 2497 ne
147 2461 326 2499 sensueam
337 2465 544 2508 extenuant,
560 2462 757 2510 atqueitain
767 2472 811 2497 aes
826 2467 1055 2497 commutant.
1095 2500 1097 2506 ¹

177 2512 320 2559 Qit'eres
335 2512 449 2549 tertio,
493 2508 607 2554 ¹Unde
619 2511 749 2546 ferrum
765 2511 958 2559 rubiginem
968 2508 1169 2544 contrahat?
1183 2505 1281 2554 Resp.
1296 2504 1488 2542 Oririhanc
1496 2514 1538 2539 ex
1546 2502 1653 2538 halitu
1662 2514 1723 2550 per
1731 2514 1793 2550 po-

80 2561 137 2594 ros
153 2566 359 2607 erumpente
372 2583 382 2600 ,
398 2559 457 2608 qui
471 2559 512 2596 ab·
534 2558 764 2595 humidaterri
773 2558 950 2607 superficie
964 2557 1101 2597 fistitur,
1116 2556 1151 2592 ὅ(
1162 2557 1195 2591 in
1204 2555 1415 2603 ferruginem
1431 2551 1631 2590 concrescit.
1660 2553 1792 2586 Arcent

80 2618 164 2642 vero
181 2606 271 2643 hanc
280 2604 430 2644 rn'edulla
437 2608 575 2645 cervina
591 2602 627 2644 &
637 2606 774 2648 oleum,
789 2617 832 2643 eo
844 2606 940 2655 quod
954 2606 1131 2641 obstruant
1142 2601 1501 2652 suapinguedineferri
1511 2610 1635 2648 porOS,
1652 2610 1698 2634 ne
1708 2611 1791 2652 prae-

79 2654 190 2690 <littus
201 2652 325 2691 halitus
338 2660 514 2704 evaporet.
564 2656 621 2692 Ad
634 2653 893 2704 abstergendam
908 2663 992 2691 vero
1009 2654 1205 2701 rubiginem
1222 2651 1406 2688 adhibetur
1421 2647 1565 2688 cerussa,
1581 2646 1792 2695 &Gyplum,

80 2703 241 2739 omniurn
250 2706 367 2739 tamen
376 2705 550 2752 optimum
566 2704 613 2740 est
621 2705 740 2740 oleum
754 2703 882 2747 tartari..
931 2704 986 2739 De
993 2702 1167 2749 ferrugine
1176 2709 1300 2736 notant
1307 2698 1448 2734 ulterius
1458 2698 1648 2736 Authores,
1658 2708 1732 2730 eam
1742 2696 1789 2730 es-

80 2751 113 2787 se
128 2760 256 2787 naturae
264 2752 511 2801 adstringentis,
563 2753 659 2789 Hinc
669 2752 744 2788 [istit
758 2753 821 2796 (ut
828 2751 967 2787 testatur
974 2750 1012 2786 P.
1022 2749 1228 2785 Honoratus
1236 2748 1331 2783 Fabri
1340 2746 1435 2785 traci.
1445 2752 1473 2787 8.
1481 2745 1579 2791 Physs
1589 2744 1790 2791 l.2.)Femi-

80 2807 205 2835 narum·
221 2799 391 2848 profluvia
401 2802 447 2836 ob'
456 2801 660 2836 venularum
671 2798 1125 2847 obstruetionemi'ndu&am
1134 2821 1145 2838 ,
1161 2800 1270 2833 immo
1280 2795 1441 2843 impedit,
1452 2794 1473 2829 fi
1488 2794 1642 2834 bibatur,
1658 2804 1703 2827 ne
1715 2804 1789 2839 par-

80 2858 156 2883 tum
173 2849 383 2896 concipiant.
434 2849 493 2885 Ob
501 2851 649 2884 eandem
658 2850 827 2885 'rationem
837 2848 872 2884 &
883 2849 990 2895 ipsum
1001 2849 1128 2883 ferrum
1138 2848 1293 2894 ineptum
1301 2844 1434 2883 reddit,
1449 2843 1789 2890 utamagneteattra-

82 2898 193 2932 hatur.
243 2897 454 2932 observatur
469 2898 590 2938 etiam,
606 2895 853 2933 tenaciffimarn
862 2895 1058 2944 rubiginem
1074 2897 1114 2931 ab
1125 2897 1279 2930 humano
1288 2891 1471 2940 praesertim
1488 2890 1651 2938 sanguine
1659 2889 1789 2924 ferrum

82 2945 307 2985 contrahere,
323 2942 421 2991 cujus
435 2945 521 2980 ratio
531 2945 597 2986 est,
613 2946 691 2993 quia
707 2945 839 2994 sanguis
855 2945 1168 2980 diutiusadhaerens
1178 2939 1562 2991 profundioresradices
1577 2938 1663 2986 agit,
1672 2937 1706 2972 ὅ(
1716 2936 1790 2985 glu-

81 2993 193 3030 tinoso
203 2994 261 3029 suo
272 2995 421 3028 humore
433 2994 560 3028 ferrum
569 2990 780 3029 'tenaciffime
793 2992 934 3040 stringit,

179 3043 322 3091 Qaeres
338 3051 474 3088 quarto.
526 3042 614 3088 Qae
631 3042 727 3089 gleba
743 3041 915 3075 mineralis
930 3040 1009 3074 ferri
1024 3039 1061 3073 sit
1075 3037 1229 3085 optima?
1247 3036 1344 3090 Resp.
1376 3036 1409 3070 Si
1424 3035 1459 3070 sit
1473 3033 1684 3087 ponderosa,
1699 3034 1790 3067 bene

83 3091 280 3138 compaeta,
299 3091 316 3123 a
330 3100 445 3128 terrae,
460 3087 1087 3135 saxi,exterorumquemetallicorum
1098 3097 1286 3132 corporum
1303 3084 1463 3120 locietate
1478 3081 1645 3129 sejuncta,
1662 3081 1789 3116 coloris

83 3139 186 3186 pruni
196 3161 206 3179 ,
215 3136 363 3186 peribola
374 3135 541 3172 censetur.
567 3136 742 3172 Caeterum
751 3135 970 3172 metallorum
979 3135 1137 3171 omnium
1147 3145 1235 3169 vena
1243 3133 1320 3169 ierri
1329 3128 1506 3181 largiffima
1514 3130 1571 3166 est.
1597 3129 1790 3183 Cantabriae

582 3200 585 3202 ·
1688 3188 1789 3212 mari-
