2054 3496
243 180 342 219 220
903 158 1267 230 Meteorologia

809 242 1344 330 QUAESTIO
1397 242 1467 307 11.

532 362 599 393 uae
616 342 712 413 stnt
731 355 1023 392 terraemotus
1036 342 1217 410 species
1233 380 1247 404 ‚
1260 340 1454 411 ejusque
1466 336 1718 410 praesagt'a.

247 421 542 563 COnclufio
559 428 677 475 prima.
704 429 798 464 Duas
817 426 1051 479 sp-eciesterrae
1061 434 1179 460 motus
1187 422 1582 460 enumeratAristoteles·
1633 411 1964 471 Unaestv-pc‘as&

379 488 528 516 tremor,
544 477 589 512 sic
604 476 732 515 dietus,
750 485 916 522 quomam
933 484 971 507 ea
984 495 996 529 Ι,
1013 484 1088 520 quae
1101 482 1256 508 tremunt
1269 473 1379 507 mooo
1394 472 1431 508 in
1444 472 1535 507 hanc
1552 473 1662 506 modo
1678 472 1714 506 in
1727 469 1819 508 illam
1833 481 1966 520 partem

381 531 565 566 vibrantur.
619 530 735 566 Altera
755 529 802 566 est
823 531 1008 570 σφυγμις
1032 531 1149 574 Ριιζῇις,
1170 529 1310 577 quando
1330 538 1418 563 terra
1438 527 1543 563 veluti
1563 528 1794 567 intumescens
1813 530 1967 580 assurgit,
1991 524 1996 567 J
2031 543 2043 557 v‘

247 581 326 628 quia
340 589 463 615 ventus
482 591 523 615 ex
541 579 652 614 infero
664 577 755 613 reeta
768 578 950 615 ascendere
962 578 1146 613 contendit
1160 577 1195 613 ὅ(
1212 577 1346 612 fornice
1363 587 1514 612 cavernae
1529 576 1648 623 pullat.
1698 580 1966 625 Appellaturve-
1991 580 2017 620 -,”,

246 632 286 664 ro
301 630 395 675 pulsus
413 639 553 676 propter
570 627 823 662 similitudinem
840 626 952 674 pulsus
968 627 1167 661 arteriarum
1183 626 1218 662 in
1232 624 1434 660 animalibus
1449 647 1459 664 ,
1477 625 1534 672 qui
1550 636 1592 659 ex
1608 624 1677 660 alto
1692 647 1702 665 ,
1718 627 1773 661 seu
1788 630 1968 676 protundo
1983 630 1987 633 “

246 677 351 717 subit,
368 677 403 712 ὅ(
419 677 573 712 arteriam
585 676 619 710 in
629 675 769 710 lublime
784 675 886 714 tollit.
936 675 985 709 Ex
997 675 1049 709 his
1067 685 1198 709 tremor
1206 674 1295 708 adeo
1305 673 1428 708 noxius
1438 684 1512 708 non
1526 672 1591 713 est,
1601 674 1697 721 quod
1712 685 1793 711 eum
1808 677 1968 715 iaciatvis

245 725 342 761 venti
356 725 392 759 in
403 735 512 772 partes
530 723 695 759 distraCta.
748 724 826 758 Nec
841 722 996 772 periculo
1013 723 1146 757 constat
1160 721 1290 771 pulsus,
1306 721 1471 768 quoniam
1485 733 1605 768 parum
1623 721 1790 759 attollitur
1807 735 1895 761 terra
1906 749 1916 766 2
1932 726 1970 763 ὃς

245 785 331 810 mox
344 774 531 808 remittitur
547 786 557 818 3
574 769 871 820 periculosiffimus
891 771 975 806 vero
992 770 1039 806 est
1058 784 1069 816 ·,
1094 773 1235 819 quando
1255 771 1289 805 in
1307 770 1442 805 hiatum
1458 769 1630 817 sepandit,
1645 780 1720 807 tum
1741 783 1884 855 propter
1897 787 1970 810 ma·
2020 784 2023 787 ’

246 834 355 871 gnum
372 821 466 856 venti
483 822 671 870 impetum,
688 830 762 855 tum
781 821 860 868 quia
874 821 910 855 in
927 831 1032 854 unam
1049 830 1181 867 partem
1198 820 1431 867 procumbens
1447 818 1492 853 ita
1507 828 1631 854 terram
1647 819 1739 867 impe

247 870 284 906 ὅ(
299 871 519 907 subvertatur.

345 918 417 953 Has
432 920 515 953 duas
533 927 752 952 terraemotus
768 917 892 964 species
906 917 1039 951 Seneca
1055 916 1116 953 1,6.
1134 914 1393 963 quaest.c.21.ex
1406 911 1595 950 Possidonii
1608 915 1776 952 sententia
1792 919 1896 965 paulo
1912 921 1971 956 ali-

246 977 298 1002 ter
315 977 510 1005 enumerat,
521 966 555 1001 ὅ(
567 976 747 1013 propterca
766 966 901 1000 tertiam
909 963 1064 1012 adjungit
1080 965 1130 998 his
1145 964 1256 998 verbis
1273 977 1280 998 :
1296 963 1367 997 duo
1383 974 1509 1011 genera
1524 962 1614 1004 sunt,
1630 976 1668 999 ut
1683 964 1886 1004 Poffidonio
1901 969 1971 1017 pla-

1766 822 1792 857 it
1804 844 1815 862 ,
1840 832 1878 858 ut
1893 834 1971 862 ruat

247 1026 303 1051 cet
315 1038 325 1055 ,
341 1015 465 1061 quibus
481 1025 642 1049 movetur
658 1025 745 1048 terra
758 1036 768 1052 ,
790 1013 927 1061 utrique
948 1024 1080 1048 nomen
1098 1012 1145 1046 est
1164 1012 1343 1059 proprium
1359 1035 1369 1051 ,
1384 1013 1487 1047 altera
1502 1011 1667 1047 succussio
1683 1013 1731 1049 est
1744 1037 1754 1054 ,
1775 1027 1857 1051 cum
1882 1028 1972 1054 terra
2014 1018 2017 1021 ’

248 1065 419 1111 quatitur,
435 1064 468 1098 ὅς
487 1063 612 1097 lui-sum
629 1074 669 1098 ac
679 1061 840 1097 deorsum
855 1072 1028 1099 movetur.
1078 1059 1481 1107 Alterainclinatio,quae
1491 1060 1636 1096 inlatera
1646 1072 1744 1097 nutat
1758 1065 1970 1113 navigiimo.

247 1124 294 1149 re,
345 1112 419 1160 Ego
434 1112 577 1146 tertium
594 1111 676 1146 illud
690 1110 862 1150 existimo,
878 1111 975 1158 quod
993 1121 1088 1144 novo
1104 1107 1279 1144 vocabulo
1294 1108 1460 1156 signatum
1482 1107 1539 1147 est.
1593 1111 1679 1144 Non
1696 1111 1788 1146 enim
1804 1112 1871 1149 line
1891 1127 1971 1150 cau.

249 1160 278 1195 la
293 1170 482 1195 tremorem
500 1170 595 1194 terrae
611 1160 727 1194 dixere
748 1156 913 1205 majores,
924 1159 983 1206 qui
1002 1169 1136 1193 tremor
1157 1157 1294 1203 utrique
1309 1155 1474 1192 diffimilis
1491 1157 1537 1192 est
1550 1181 1559 1197 ,
1575 1168 1650 1193 tum
1667 1158 1881 1196 inclinationi
1895 1173 1973 1199 tum

246 1206 453 1243 succo-'iioni
471 1233 479 1245 ,
501 1220 579 1243 nam
604 1219 669 1243 nec
687 1208 923 1242 luccutiuntur
939 1207 1075 1245 omnia,
1091 1218 1156 1242 nec
1170 1205 1393 1245 inclinantur,
1408 1204 1463 1240 sed
1482 1206 1668 1242 vibrantur.
1733 1210 1868 1245 Auctor
1887 1213 1971 1247 vere)

247 1257 406 1292 libellide
422 1259 555 1292 mundo
572 1260 613 1291 ad
625 1256 876 1295 Alexandrum,
888 1254 1128 1303 quiAristoteli
1146 1254 1323 1293 tribuitur,
1342 1255 1470 1302 septem
1487 1253 1610 1301 species
1626 1256 1779 1292 recenset
1791 1280 1801 1298 ,
1824 1270 1974 1306 quarum
2011 1288 2017 1291 .

247 1315 366 1340 tamen
378 1317 396 1351 q
403 1306 532 1340 utcdam
543 1306 585 1339 ad
594 1304 784 1340 accidentia
792 1314 1008 1339 terraemotus
1017 1303 1134 1355 referri
1143 1301 1291 1351 possunt.
1342 1303 1421 1337 Una
1429 1301 1476 1338 est
1484 1314 1608 1338 eorum
1623 1313 1720 1339 terra:
1728 1316 1904 1348 motuum,
1912 1309 1974 1357 qui

248 1362 292 1395 ad
303 1362 448 1409 angulos
459 1371 578 1397 acutos
593 1361 628 1396 in
647 1360 828 1407 obliquum
845 1360 1046 1407 quatiuntur
1068 1357 1284 1393 ἑτικλίντνς
1304 1359 1439 1395 dicitur.
1477 1359 1594 1396 Altera
1607 1357 1973 1411 nominatursspot'q-ris

250 1409 342 1444 idem
360 1410 527 1445 ebulliens
544 1432 554 1448 ,
570 1408 812 1448 effervescens,
828 1420 901 1465 quo,
914 1418 1003 1444 terra
1022 1408 1251 1457 confringitur
1263 1430 1273 1448 ,
1293 1406 1329 1443 ὅ(
1344 1407 1469 1444 sursum
1485 1408 1521 1444 ὅ(
1541 1409 1701 1446 deorsum
1723 1411 1824 1447 rectis
1838 1414 1974 1462 angulis

249 1465 445 1504 flacciditur.
494 1465 612 1502 Tertia
624 1465 672 1502 est
687 1472 941 1512 χασματίας
964 1476 1044 1499 cum
1060 1463 1098 1499 fit
1111 1474 1209 1499 terrae
1226 1463 1339 1499 hiatus
1353 1486 1363 1503 η
1385 1464 1421 1500 ὅ(
1443 1465 1592 1513 amplam
1612 1468 1814 1516 voraginem
1835 1472 1974 1511 retinet,
2017 1477 2036 1496 -'

250 1522 384 1568 Qarta
404 1532 419 1565 ρ
435 1511 546 1556 >lxm-,5
559 1544 570 1561 ,
587 1521 645 1568 qui
660 1521 694 1556 vi
704 1521 888 1569 eruptione
908 1519 996 1556 faeta
1013 1519 1114 1556 rimas
1128 1519 1262 1567 apertit.
1314 1519 1447 1567 Qinta
1466 1522 1513 1557 est
1536 1516 1636 1564 εἷς-νς
1652 1522 1870 1571 impulsorius
1884 1549 1895 1566 ,
1912 1527 1974 1574 qui

248 1587 348 1613 terrae
365 1589 481 1614 motus
498 1578 566 1613 uu&
577 1577 764 1626 agitatione
775 1577 948 1613 subvertit.
999 1575 1101 1609 Sexta
1115 1570 1367 1617 7‘'⁶12)*s²h⁶4†l³⁶÷
1375 1598 1386 1615 ⁷
1395 1576 1429 1611 id
1437 1577 1694 1620 estrtremulus,
1703 1581 1780 1628 quia
1790 1580 1897 1617 efficit
1906 1593 1975 1618 ter·

249 1644 293 1668 rae
310 1644 446 1669 motum
462 1633 605 1668 tremori
615 1644 688 1667 non
704 1632 907 1668 dissimilem.
957 1620 1331 1677 Septimasuwcnw'as,
1343 1633 1504 1679 mugiens
1521 1635 1660 1675 dicitur,
1671 1636 1750 1682 quia
1764 1649 1844 1673 cum
1859 1640 1975 1688 mugi.

248 1697 288 1722 tu
299 1686 334 1722 ὅ(
350 1686 460 1721 sonitu
481 1696 604 1722 terram
619 1686 740 1733 quatit.
791 1685 839 1720 Ex
855 1684 978 1732 quibus
992 1683 1087 1718 vides
1103 1704 1112 1721 ,
1133 1682 1229 1730 quod
1243 1682 1383 1729 quidam
1402 1681 1544 1718 effeetus
1560 1683 1675 1730 potius
1693 1684 1748 1719 vel
1763 1686 1973 1730 accidentia,

253 1747 357 1783 quam
377 1735 500 1782 species
517 1735 681 1769 liutterrae
699 1743 829 1770 motus.
883 1733 1002 1779 Itaque
1011 1730 1414 1766 AristotelisvelSenecae
1432 1731 1549 1765 divisio
1570 1733 1750 1768 retinenda
1765 1734 1822 1771 est.
1950 1726 1953 1733 Ἃ

349 1784 457 1819 Addit
475 1795 558 1818 vero
575 1783 668 1817 idem
683 1781 931 1829 Philosophus,
949 1791 1073 1815 terram
1089 1779 1223 1814 moveri
1237 1779 1271 1813 in
1287 1778 1392 1813 latum
1409 1778 1623 1826 frequentius
1640 1803 1649 1820 ,
1664 1792 1768 1828 quarn
1783 1782 1976 1821 secundum

254 1831 547 1881 profunditatem,
562 1832 633 1866 hoc
648 1830 696 1866 est
711 1853 721 1870 ,
737 1831 863 1865 sursum
880 1829 915 1865 &
932 1828 1103 1865 deorsum.
1154 1827 1339 1862 Rationem
1354 1825 1471 1865 affert,
1485 1829 1564 1875 quia
1587 1829 1758 1865 exhalatio
1775 1830 1811 1866 &
1824 1830 1975 1878 spiritus,

253 1881 311 1928 qui
331 1879 428 1915 causa
441 1880 488 1914 est
506 1889 723 1915 terraemotus
738 1877 966 1927 multomagis
981 1875 1199 1924 protenditur
1208 1875 1398 1911 secundum
1411 1875 1647 1918 latitudinem,
1663 1877 1767 1926 quam
1781 1878 1976 1919 secundum

251 1929 539 1978 prolunditatem.

352 1977 583 2013 Observatum
603 1975 709 2011 etiam
726 1974 774 2010 est
785 1998 796 2016 ,
816 1983 857 2010 ut
869 1973 1023 2009 referunt
1037 1972 1256 2008 Fromondus
1270 1972 1305 2008 ὃ(
1321 1971 1459 2007 Cabeus
1474 1972 1510 2008 in
1525 1983 1608 2008 text.
1618 1975 1675 2021 46.
1685 1973 1799 2021 quaest.
1809 1987 1833 2013 Ι,
1847 1986 1976 2015 terram

250 2038 339 2062 cum
355 2025 555 2064 concutitur
570 2023 752 2060 lateraliter
766 2023 917 2062 moveri,
931 2021 985 2056 vel
994 2023 1035 2056 ab
1043 2021 1180 2057 oriente
1194 2021 1230 2056 in
1240 2021 1860 2069 occidentem,velaseptentrionead
1871 2027 1976 2062 rneri-

255 2075 362 2111 diem.
412 2073 598 2109 Rationem
614 2072 781 2120 optimam
794 2071 892 2107 affert
900 2070 1055 2109 Cabeus,
1071 2070 1150 2117 quia
1158 2081 1254 2105 venae
1262 2080 1430 2104 terrarum
1444 2081 1631 2105 excurrunt
1645 2071 1850 2121 plerumque
1863 2074 1975 2122 apolo

262 2124 304 2158 ad
322 2122 442 2170 polum
452 2145 462 2159 ,
476 2121 511 2157 ὅ(
521 2121 708 2168 aliquando
725 2121 767 2156 ab
776 2120 912 2155 oriente
928 2119 964 2154 in
973 2118 1210 2158 occidentem,
1226 2128 1265 2153 ut
1279 2118 1410 2153 constat
1422 2118 1574 2165 pluribus
1590 2119 1818 2167 experientiis.
1870 2124 1912 2161 Et
1924 2136 1976 2160 ra.

262 2172 314 2207 tio
329 2170 440 2220 potest
449 2169 529 2209 effe,
545 2170 624 2217 quia
631 2179 720 2205 terra
735 2177 1017 2217 coagmentatur,
1030 2178 1091 2214 per
1100 2167 1261 2202 ordinem
1279 2167 1321 2201 ad
1331 2178 1428 2201 axem
1437 2188 1448 2206 ,
1462 2167 1542 2202 cuin
1552 2167 1739 2204 altere-tura
1749 2170 1860 2211 coelo,
1877 2173 1977 2219 quod

264 2219 354 2255 circa
362 2231 461 2255 axem
478 2228 621 2256 rotatur.
673 2217 768 2253 Cum
782 2229 866 2266 ergo
880 2227 976 2252 venae
993 2225 1160 2250 terrarum
1168 2217 1424 2263 protendantur
1431 2215 1485 2250 vel
1495 2217 1535 2250 ab
1545 2217 1726 2252 orientem
1741 2219 1977 2262 occidentem,

263 2267 318 2304 vel
329 2267 636 2315 aseptentrionead
644 2266 824 2302 meridiem
835 2288 845 2305 ,
862 2265 966 2300 etiam
975 2263 1209 2299 exhalationes
1219 2263 1299 2299 cum
1308 2275 1369 2311 per
1376 2274 1480 2300 venas
1493 2264 1751 2305 diffunduntur,
1761 2270 1979 2315 protendun-

264 2327 320 2352 tur
337 2319 462 2352 eodem
479 2314 597 2363 paEto,
616 2325 718 2361 atque
728 2316 816 2349 adeo
831 2315 912 2349 cum
927 2323 1052 2348 terram
1068 2313 1286 2352 concutiunt,
1295 2312 1503 2348 concutiunt
1517 2312 1608 2348 illam
1617 2314 1669 2349 vel
1679 2315 1720 2349 ab
1729 2316 1862 2352 oriente
1871 2317 1906 2352 in
1916 2330 1978 2354 oc-

263 2365 436 2401 cidentem
446 2388 455 2403 ,
470 2364 522 2399 vel
534 2365 552 2398 a
567 2363 736 2410 septrione
746 2364 780 2398 in
790 2363 984 2398 meridiem.

366 2412 555 2449 Conclusio
574 2412 730 2447 secunda.
781 2411 930 2446 Plurima
939 2409 1014 2444 sunt
1023 2408 1129 2457 signa,
1146 2420 1221 2456 quae
1229 2409 1383 2444 futurum
1392 2410 1880 2456 praenuntianttenaemotum.
1907 2414 1979 2450 Pri.

265 2475 363 2498 mum
381 2462 445 2501 est,
467 2473 592 2507 magna
606 2460 639 2495 δε
654 2459 890 2506 intempestiva
904 2458 986 2493 aei-is
1000 2457 1240 2504 tranquillitas,
1256 2457 1334 2504 quia
1348 2467 1615 2493 totaventorum
1624 2459 1767 2495 materia
1775 2461 1829 2496 vel
1839 2471 1979 2500 exterra

265 2517 427 2547 noudum
444 2508 568 2557 egrelia
578 2508 641 2547 est,
658 2508 712 2543 vel
722 2510 756 2543 in
765 2518 862 2543 term>
877 2507 1092 2555 profundum
1109 2506 1140 2540 se
1151 2506 1281 2553 recepit
1292 2528 1302 2545 ,
1317 2506 1351 2541 ὅ(
1363 2507 1450 2541 intra
1458 2506 1581 2542 viscera
1595 2506 1682 2541 illius
1698 2506 1806 2556 serpit.
1858 2510 1979 2547 Refer-

264 2570 322 2595 tur
336 2562 353 2594 a
369 2561 498 2594 Seneca
514 2557 571 2592 lib.
587 2559 616 2594 6.
631 2567 742 2591 natur.
757 2556 871 2603 quct‘st.
887 2568 915 2592 c.
929 2567 974 2590 12.
999 2564 1078 2589 ante
1097 2564 1334 2589 terraemotum
1350 2577 1360 2594 ,
1386 2554 1445 2602 qui
1461 2564 1620 2602 tempore
1635 2555 1788 2592 Neronis
1811 2557 1981 2596 conculiit

268 2608 494 2655 Campaniam
507 2629 516 2644 ,
532 2604 647 2640 multis
662 2605 783 2640 diebus
799 2604 1012 2639 serenitatem
1028 2601 1133 2637 fuisse.
1183 2603 1383 2640 Secundum
1398 2602 1461 2643 est,
1472 2603 1557 2638 sia'er
1566 2603 1664 2638 solito
1674 2604 1900 2655 estsrigidior,
1909 2609 1979 2644 ori·
2014 2607 2017 2611 ’

267 2668 321 2693 tur
331 2657 423 2691 enim
437 2654 619 2702 hot-liigus
636 2665 679 2688 ex
691 2665 735 2688 eo
745 2676 754 2693 ,
771 2653 867 2700 quod
882 2651 1072 2688 exhalatio,
1085 2661 1160 2698 quae
1177 2651 1232 2686 sufi
1245 2661 1365 2686 natura
1384 2650 1430 2685 est
1446 2651 1553 2687 calida
1566 2674 1578 2692 ,
1594 2651 1702 2700 serpat
1714 2665 1776 2701 per
1791 2666 1897 2691 venas
1912 2666 1980 2692 ter-

267 2717 330 2744 rae,
345 2714 447 2751 atque
462 2703 549 2737 ade-i>
566 2708 623 2737 aer
643 2701 821 2736 destitutus
840 2700 956 2736 calidis
969 2698 1243 2735 exhalationibus
1257 2699 1497 2747 intempestive
1511 2699 1655 2747 irigefit,
1676 2701 1694 2736 a
1711 2714 1777 2749 qua
1793 2703 1980 2752 frigiditate
1999 2695 2017 2751 xJ
2042 2711 2044 2731 ³

267 2754 370 2789 etiaim
386 2762 475 2786 terra
489 2751 633 2798 ampiius
648 2749 908 2797 constringitur,
923 2759 1120 2794 nevapores
1131 2757 1323 2795 erumpant.
1373 2748 1532 2783 Tertium
1548 2748 1595 2783 est
1609 2750 1780 2786 nubecula
1793 2753 1924 2795 tenuis,
1940 2753 1979 2790 ὃς

267 2802 303 2837 in
312 2802 458 2836 modum
474 2798 677 2834 line-aeremitae
693 2797 987 2846 oblonga&alba,
1002 2808 1110 2843 eaque
1123 2805 1182 2831 aut
1195 2796 1342 2831 interdiu
1358 2819 1369 2836 ,
1391 2806 1450 2832 aut
1462 2796 1611 2832 maxime
1627 2798 1703 2844 post
1715 2799 1802 2835 Solis
1817 2802 1980 2838 occasum
2014 2819 2015 2822 ¹
2042 2790 2047 2814 ³

268 2850 390 2885 sereno
407 2847 499 2883 coelo
515 2857 666 2894 apparea
719 2846 819 2881 Ratio'
837 2844 904 2885 est,
919 2845 1142 2880 cumcoelum
1156 2845 1269 2879 ventis
1285 2844 1320 2880 ὅ(
1334 2845 1537 2892 vaporibus,
1553 2846 1612 2892 qui
1628 2845 1811 2883 suntnubis
1825 2851 1980 2891 materia,

266 2908 382 2937 vacet,
397 2895 568 2931 nubecula
583 2896 775 2930 admodum
790 2894 881 2930 recia
892 2916 903 2933 ,
918 2893 1100 2939 tenuisque
1113 2892 1336 2941 relinquitur,
1353 2892 1569 2940 proindeque
1584 2895 1704 2930 omnia
1717 2897 1898 2945 tranquilla
1912 2897 1980 2935 effe

268 2946 414 2984 indicat,
428 2946 555 2979 concio
567 2944 652 2978 intra
669 2954 793 2979 terram
805 2943 926 2981 halitu,
942 2940 1271 2988 flatuquccohibito.
1321 2942 1599 2977 Advertetarnen
1609 2946 1980 2996 enumeratatriafigna

268 3006 340 3029 non
362 2993 518 3040 semper,
534 3002 591 3026 aut
606 2991 809 3039 plerumque
827 2990 1183 3042 sequiterraemotum,
1199 2989 1280 3024 cum
1296 2989 1467 3037 saepisiime
1482 2990 1664 3026 videantur
1676 2991 1753 3027 talia
1769 2993 1876 3042 figna,
1892 2992 1989 3042 quinv

267 3051 483 3077 terraemotus
504 3040 741 3087 subsequatur3
767 3040 841 3074 sunt
861 3050 945 3087 ergo
959 3044 1049 3086 ligna
1065 3061 1074 3079 ,
1090 3048 1165 3086 qua:
1180 3060 1190 3079 ,
1211 3050 1292 3074 cum
1311 3047 1528 3075 terraemotus
1542 3037 1581 3075 fit
1595 3062 1606 3081 ,
1627 3039 1834 3089 plerumque
1853 3053 1981 3092 praece-

1881 3093 1980 3137 dunt,

843 3153 869 3168 f
