2054 3496
248 171 319 221 60
927 173 1293 246 Meteorologia

251 241 388 298 Primo,
403 243 482 298 quia
490 242 694 292 conjunstio
703 246 806 283 unius
812 246 958 295 planetae
968 261 1048 284 cum
1058 249 1125 284 alio
1134 251 1230 286 brevi
1237 250 1406 299 temporis
1415 252 1595 288 intervallo
1603 254 1722 295 durat,
1738 263 1780 290 ut
1794 255 1914 291 videre
1926 254 1975 290 est

254 303 290 326 m
298 291 500 346 novilunio,
509 292 545 329 ὅς
552 293 641 329 Solis
652 294 784 342 eclipfi3
809 297 866 331 sed
875 307 1023 333 cometae
1031 297 1219 345 aliquando
1238 299 1293 334 sex
1302 300 1471 336 menfium
1481 300 1586 349 spatio
1597 302 1870 351 conspiciuntur.
1914 305 1975 339 Se·

251 340 387 393 cundo:
414 339 507 394 Quia
516 352 655 378 cometa
662 342 772 379 statim
783 345 901 392 incipit
911 346 945 380 in
954 344 1076 392 majori
1088 347 1280 394 quantitate
1288 370 1297 388 ,
1312 349 1417 395 quam
1427 360 1504 396 quae
1520 350 1540 385 a
1559 351 1698 386 duobus
1706 351 1761 386 vel
1777 352 1885 387 tribus
1895 351 1969 386 stel-

244 387 285 422 hs
301 386 551 444 cons-impotest
560 390 646 427 &ad
661 403 737 427 eam
754 394 896 429 devenit
909 395 1207 443 magnitudinem,
1232 407 1309 444 quae
1325 407 1398 432 non
1413 397 1472 432 nisi
1488 397 1643 446 pluribus
1659 412 1698 434 ac
1707 399 1860 447 pluribus
1869 399 1970 435 stellis

244 433 348 484 pollit
355 447 544 490 compon13
568 438 625 475 sed
633 451 707 476 non
716 441 763 476 est
773 441 952 483 credibile,
959 451 1014 478 tot
1025 443 1180 478 occultas
1189 455 1300 480 errare
1306 456 1326 488 ,J
1334 444 1370 481 &
1383 444 1449 480 sese
1463 445 1647 482 ostendere
1663 447 1770 483 stellas
1780 465 1790 483 ²
1816 448 1895 484 alias
1904 448 1971 483 fre-

248 484 411 531 quentius
421 485 713 524 fibioccurrerent
729 488 1085 539 &conjungerentun
1135 491 1378 528 Confirmatur
1391 516 1402 533 ,
1432 494 1510 541 quia
1523 495 1641 531 Attalo
1657 505 1825 545 regnante
1850 495 1973 531 effulfit

246 542 388 586 cometa
395 534 669 572 totumlatteum
679 538 848 574 circulum
858 538 1107 587 complectens,
1116 539 1254 576 sedfiex
1269 540 1415 589 planetis
1430 542 1622 584 (maluisset,
1642 555 1715 579 non
1733 555 1858 579 omnes
1874 568 1884 584 ,
1911 544 1970 591 qui

241 580 402 664 {zostuns}
409 580 615 626 sufficerent,
626 595 664 621 ut
670 595 765 633 patet
771 599 785 632 5
799 597 897 636 ergo.
948 588 1089 624 Deinde
1097 588 1333 626 observaretur
1348 601 1465 626 earum
1474 590 1645 627 stellarum
1653 592 1803 628 accessus
1811 602 1965 632 mutuus,

287 640 368 665 rece
396 641 446 669 usi

338 677 676 732 ConclusioTertia:
700 682 781 718 Nec
791 682 867 719 sunt
874 683 997 724 sidera,
1006 696 1080 719 non
1090 693 1169 720 nata
1175 685 1318 732 quidem
1338 686 1382 720 de
1400 697 1497 722 novo
1506 709 1516 727 ,
1532 686 1588 723 sed
1599 687 1735 723 tantum
1745 688 1788 723 de
1799 699 1894 723 novo
1911 699 1968 735 ap-

241 736 411 780 parentia,
421 738 487 762 nec
496 727 579 763 astra
588 730 733 765 errantia
740 753 750 771 a
759 743 835 778 quae
843 744 904 780 per
912 733 1071 780 ingentes
1079 732 1261 780 Epicyclos
1268 733 1454 769 volvantur
1461 757 1472 774 ,
1495 745 1600 783 atque
1608 737 1652 772 ita
1660 748 1703 771 ex
1715 737 1849 771 summo
1860 735 1966 776 coelo,

239 775 299 810 ubi
306 785 450 823 propter
458 775 625 813 summam
637 778 828 815 distantiam
838 792 913 816 non
921 779 1060 828 possunt
1067 781 1187 821 videri,
1196 781 1409 818 descendant
1417 782 1593 819 interdum
1614 785 1649 821 ὃ(
1672 784 1858 833 conspicua
1865 784 1948 819 fiant
1957 797 1969 829 ;

243 834 361 871 neque
370 824 446 859 sunt
454 824 554 860 steliae
564 827 736 868 caudarae,
748 838 788 863 ut
795 829 894 864 sentit
903 829 1094 869 Cardanus,
1104 840 1180 877 quae
1187 839 1306 865 tamen
1315 831 1413 866 terris
1421 833 1570 867 caudam
1581 832 1672 868 suam
1682 844 1755 868 non
1765 833 1897 880 semper
1905 834 1967 867 ob-

238 882 393 923 vertant,
408 883 447 927 ut
460 884 646 927 appareant
659 877 824 912 caudatae.
876 877 1052 918 Ratioest,
1069 879 1148 925 quia
1161 878 1315 925 inprimis
1335 879 1404 915 sine
1419 880 1650 915 fundamento
1661 880 1967 927 fingunturignitae

234 920 629 966 hujusmodicirculares
638 925 770 960 orbitae.
820 926 1006 966 Secundo,
1016 926 1036 961 si
1046 927 1297 962 descenderent
1308 938 1349 962 ex
1359 927 1635 963 sublimioriloco
1649 936 1797 962 cometae
1806 949 1815 966 ,
1827 939 1867 961 ac
1879 927 1898 961 si
1909 926 1969 961 fie-

232 979 312 1004 rent
323 969 511 1017 conspicui,
520 971 690 1008 deberent
698 973 797 1008 init10
811 974 965 1009 minores
973 986 1145 1023 apparere,
1155 987 1237 1010 cum
1246 975 1410 1022 videlicet
1419 986 1464 1010 ex
1473 975 1544 1010 alto
1554 975 1903 1023 veniunt,sensimque
1911 987 1965 1010 ac-

240 1018 392 1062 cedunt3
400 1019 471 1054 hoc
481 1028 602 1055 tamen
611 1020 745 1056 constat
760 1020 826 1057 esse
834 1021 965 1057 salsum.

285 1113 292 1119 .
335 1065 526 1102 Conclusio
535 1078 670 1116 quarta:
694 1070 783 1105 Non
791 1069 937 1106 eststella
946 1081 1113 1118 apparens
1121 1069 1266 1106 deteffis
1274 1069 1418 1106 maculis
1435 1070 1472 1107 ὅ(
1486 1070 1577 1118 quasi
1595 1070 1796 1106 velamento
1812 1070 1964 1106 materiae

237 1112 368 1155 str1atae,
378 1115 467 1150 illam
476 1126 557 1151 ante
564 1117 840 1165 contegentismt
847 1118 920 1154 vult
929 1118 1099 1153 Cartefius
1107 1131 1118 1164 3
1126 1119 1206 1166 quia
1218 1119 1364 1166 perinde
1375 1119 1516 1155 maculae
1527 1118 1591 1153 istae
1600 1141 1610 1157 2
1629 1130 1670 1153 ex
1679 1119 1868 1155 vorticibus
1878 1120 1962 1157 Car-

234 1162 372 1198 tefianis
382 1165 728 1212 erumpentes,stellas
738 1165 820 1200 fixas
830 1167 1044 1214 quandoque
1052 1167 1286 1207 occultarent,
1295 1168 1392 1214 quod
1401 1179 1581 1216 nunquam
1592 1166 1733 1206 fafimm.

339 1212 528 1248 Conclusio
539 1213 680 1261 quinta:
708 1215 787 1250 Nec
803 1216 944 1250 materia
959 1227 1082 1250 eorum
1103 1214 1178 1250 sunt
1189 1215 1315 1250 halitus
1332 1216 1478 1264 pingues
1495 1215 1531 1251 c&
1547 1215 1663 1251 viscosi
1676 1228 1718 1251 ex
1727 1215 1859 1264 aqua&
1874 1225 1965 1251 terra

235 1260 342 1295 etiarn
356 1260 720 1308 superlunamelevati.
771 1263 866 1298 Nam
875 1264 946 1299 hoc
954 1263 1091 1311 prorsus
1105 1263 1334 1311 improbabile
1342 1264 1480 1299 videtur
1492 1286 1502 1304 ,
1519 1264 1598 1311 quia
1607 1265 1884 1300 tantainterdum
1905 1275 1965 1298 co·-

235 1318 409 1344 metarum
419 1309 466 1344 est
476 1311 694 1359 magnitudo,
704 1321 742 1346 ut
750 1321 876 1346 terram
890 1311 1013 1347 millies
1023 1313 1194 1347 excedant
1211 1324 1222 1356 3
1247 1312 1284 1347 ὅ(
1296 1312 1400 1359 aliqui
1415 1311 1584 1348 observati
1601 1312 1677 1347 sunt
1693 1314 1815 1348 durare
1832 1323 1894 1360 per
1913 1311 1968 1348 sex

232 1356 371 1392 menses
380 1380 389 1397 ,
405 1357 459 1393 alii
467 1370 528 1406 per
536 1371 647 1394 unum
655 1383 664 1399 ,
680 1359 734 1395 alii
742 1361 902 1408 perduos
911 1371 1022 1396 annos
1031 1373 1042 1405 3
1067 1361 1162 1395 unde
1172 1359 1307 1395 necesse
1315 1360 1416 1400 esset,
1425 1370 1561 1396 utterra
1569 1370 1641 1396 tota
1650 1360 1838 1396 solveretur
1854 1362 1888 1395 in
1905 1361 1964 1395 ha-

235 1405 327 1446 litus,
337 1417 380 1441 ex
388 1407 512 1454 quibus
520 1417 615 1443 tanta
622 1408 657 1444 ὅ(
667 1419 738 1443 tam
747 1407 850 1444 crassa
858 1409 968 1444 moles
977 1407 1223 1445 conficeretur.
1273 1409 1414 1444 Deinde
1422 1420 1497 1444 non
1507 1409 1646 1445 videtur
1663 1409 1828 1445 credibile
1836 1431 1846 1450 ,
1868 1409 1967 1456 quod

230 1454 421 1490 ascendere
429 1453 558 1503 poffint
570 1455 694 1492 halitus
703 1457 878 1492 terrestres
897 1457 1139 1506 supraJovem.

330 1504 485 1539 Adverte
492 1514 610 1540 tamen
625 1505 887 1541 conclusionem
902 1507 994 1541 hanc
1002 1506 1195 1554 procedere
1205 1505 1249 1540 de
1264 1505 1412 1541 cometis
1421 1504 1561 1553 proprie
1573 1504 1672 1540 dietis
1688 1504 1724 1541 ὅ(
1739 1504 1963 1553 superlunari-

236 1551 396 1590 bussillos
408 1553 503 1599 enim
512 1563 667 1588 cometas
675 1554 792 1589 minus
809 1553 920 1590 stri&e
940 1554 1042 1594 tales,
1060 1564 1149 1601 quos
1171 1553 1241 1588 dixi
1255 1555 1402 1602 praeced.
1418 1553 1533 1601 quaest.
1548 1553 1734 1601 aliquando
1748 1566 1911 1601 apparere
1928 1554 1962 1588 in

234 1605 324 1640 a'e're,
334 1612 407 1635 non
416 1612 527 1636 renuo
537 1601 693 1637 constare
702 1601 796 1650 posse
805 1615 847 1638 ex
857 1603 964 1638 halitu
974 1602 1119 1638 terrestri
1127 1603 1273 1637 accenso
1284 1603 1318 1637 in
1328 1601 1486 1650 suprema
1500 1603 1647 1649 regione
1663 1602 1749 1637 a'eris
1758 1625 1768 1641 ,
1786 1604 1896 1636 modo
1914 1612 1962 1636 ta-

239 1660 324 1684 men
332 1648 513 1697 parvisint,
522 1650 558 1686 ὅ(
570 1662 646 1686 non
656 1651 715 1687 diu
724 1651 870 1697 durent3
884 1652 966 1688 vide
974 1651 1125 1687 rationes
1142 1650 1274 1686 ibidem
1286 1648 1476 1699 assignatas
1527 1648 1680 1697 Rejedis
1695 1650 1798 1698 igitur
1813 1649 1962 1689 aliorum

237 1697 415 1732 sententiis
430 1697 471 1733 sit

321 1745 517 1782 Conclusio
528 1744 951 1783 sextazProbabiliffirnum
959 1745 1007 1782 est
1015 1769 1025 1787 ,
1043 1755 1200 1782 cometas
1213 1745 1338 1781 fieride
1347 1758 1443 1782 novo
1452 1757 1495 1781 ex
1503 1746 1645 1781 materia
1662 1745 1698 1782 δε
1711 1758 1841 1793 vapore
1851 1746 1958 1781 coele-

232 1793 535 1830 stieffluentetum
551 1807 594 1831 ex
609 1796 751 1831 materia
766 1796 863 1831 solari
875 1818 885 1836 ,
918 1806 995 1831 tum
1009 1793 1157 1830 aliorum
1173 1794 1409 1842 planetarum,
1421 1794 1520 1842 quivi
1531 1794 1676 1829 fiderum
1686 1795 1962 1830 condensatus&

233 1842 396 1879 alteratus
403 1843 458 1879 vel
466 1844 679 1885 accenditur,
687 1843 743 1880 vel
752 1845 846 1880 cert&
855 1844 968 1879 radios
980 1843 1068 1878 Solis
1078 1843 1205 1891 excipit
1215 1842 1587 1878 insta1·siderum.Ratio
1597 1843 1782 1878 deducitur
1794 1854 1836 1878 ex
1847 1843 1958 1882 dietis,

235 1891 316 1938 quia
331 1892 349 1926 a
363 1893 504 1927 materia
515 1892 702 1933 sublunari,
715 1894 901 1941 vaporibus
916 1892 952 1929 ὅ(
964 1892 1238 1927 exhalationibus
1253 1901 1350 1927 terrae
1365 1891 1436 1926 fieri
1453 1903 1526 1926 non
1537 1890 1685 1940 possunt,
1695 1902 1733 1926 ut
1750 1901 1845 1938 patet
1864 1903 1905 1925 ex
1913 1891 1960 1926 al-

229 1939 305 1975 latis
315 1940 518 1976 rationibus.
569 1942 659 1990 Ergo
668 1964 677 1980 ,
686 1941 853 1976 amareria
863 1940 1081 1989 superlunari.
1098 1941 1272 1978 ⁴Secundo
1282 1963 1291 1980 ,
1309 1941 1388 1988 quia
1406 1952 1540 1976 certum
1556 1940 1603 1974 est
1617 1962 1627 1979 ,
1651 1939 1801 1975 maculas
1818 1939 1853 1974 ὅ(
1865 1944 1959 1974 lacu-

233 1987 282 2023 las
293 2000 475 2037 erumpere
483 1990 500 2024 a
509 1988 589 2024 Sole
597 1987 745 2036 majores
755 1990 827 2038 ipsa
835 1991 941 2025 terra:
953 1989 1001 2024 est
1008 1999 1124 2024 autem
1134 1989 1351 2024 observatum
1362 1990 1452 2036 apud
1463 1987 1658 2024 Ricciolum
1667 2010 1677 2027 ‚
1694 1989 1744 2024 uti
1760 1988 1796 2023 ὅ(
1805 1988 1836 2022 se
1845 1987 1959 2022 obser-

232 2036 323 2072 vasse
332 2037 471 2072 testatur
480 2037 515 2075 Ρ.
524 2037 798 2085 Christophorus
808 2038 1016 2073 Scheinerus
1027 2038 1061 2072 in
1072 2037 1126 2072 sua
1135 2038 1225 2072 Rota
1234 2037 1362 2075 [Ii-sina,
1375 2038 1471 2084 quod
1481 2048 1523 2071 eo
1533 2046 1704 2084 tempore,
1722 2047 1794 2083 quo
1809 2047 1890 2071 com
1896 2046 1959 2071 etae

231 2095 409 2133 apparent,
419 2085 509 2120 nulla
517 2086 708 2134 apparuerit
716 2086 851 2122 macula
859 2087 947 2122 circa
955 2085 1072 2121 Solem
1080 2108 1091 2125 ,
1115 2095 1153 2120 ut
1167 2097 1260 2120 anno
1277 2087 1346 2125 1618
1385 2085 1495 2134 Qod
1504 2084 1635 2134 signum
1657 2096 1731 2119 non
1741 2084 1890 2119 omnino
1900 2096 1957 2119 va-

232 2145 320 2168 num
329 2132 395 2168 esse
403 2134 524 2182 potest,
534 2135 709 2170 materiam
720 2134 811 2170 illam
821 2134 962 2170 solarem
972 2135 1039 2178 (uti
1048 2145 1191 2182 quoque
1199 2143 1403 2169 caeterorum
1423 2133 1608 2179 astrorum)
1624 2133 1763 2181 longius
1781 2134 1799 2168 :1
1815 2134 1837 2167 S
1843 2133 1898 2167 ole
1907 2133 1955 2168 ef-

233 2182 385 2217 susamin
394 2193 569 2218 cometam
579 2183 795 2219 efformatam
805 2182 911 2218 fuisse.
961 2183 1099 2222 Tertio,
1115 2182 1135 2217 si
1152 2194 1251 2217 novae
1262 2182 1403 2217 subinde
1418 2183 1451 2216 in
1464 2180 1684 2216 firmamento
1696 2181 1796 2216 stellae
1817 2181 1892 2216 sunt
1913 2192 1956 2216 ex

231 2231 377 2266 materia
385 2231 627 2272 coelestinatae,
643 2243 718 2279 quae
728 2232 987 2267 deindeiterum
999 2230 1211 2278 consumptae
1227 2230 1316 2278 quasi
1332 2229 1542 2277 exspirarunt
1554 2252 1564 2269 ,
1599 2242 1661 2264 cur
1677 2241 1750 2264 non
1766 2228 1878 2277 potest.
1893 2230 1954 2265 ibi-

233 2279 315 2314 dem
324 2291 366 2314 ex
375 2281 495 2314 eadem
506 2280 595 2316 stella
604 2281 748 2316 caudata
755 2290 814 2316 aut
822 2280 942 2316 crinita
952 2280 1051 2319 nasci,
1061 2279 1095 2315 ὅ(
1104 2280 1147 2314 ad
1155 2289 1292 2326 tempus
1301 2278 1418 2313 lucere
1435 2277 1449 2317 ff
1477 2279 1571 2313 Hinc
1581 2288 1656 2313 orta
1665 2277 1809 2313 celebris
1818 2277 1870 2312 illa
1881 2288 1953 2311 coe-

231 2326 367 2363 lestium
376 2339 593 2364 cometarum
603 2330 620 2363 a
630 2329 757 2376 septem
766 2329 910 2376 planetis
922 2328 1053 2376 sumpta
1062 2327 1192 2367 divisio,
1201 2340 1267 2375 qua
1275 2329 1423 2362 Saturno
1433 2326 1598 2374 plumbei,
1605 2327 1683 2373 'lovi
1692 2325 1956 2375 argentei,Ma1·-

234 2376 384 2416 titubes,
393 2377 485 2411 aurei
496 2377 578 2418 Soli,
588 2376 664 2412 flavi
674 2378 817 2416 Veneri,
827 2376 972 2412 coerulei
983 2376 1159 2412 Mercurio
1167 2399 1177 2416 a
1187 2376 1301 2424 pallidi
1314 2375 1421 2410 Luna:
1429 2375 1676 2412 adscribuntur.

332 2424 522 2461 Conclusio
533 2424 689 2473 septima:
716 2425 825 2460 Causa
833 2425 1004 2464 formalis,
1020 2425 1085 2460 sive
1094 2425 1204 2459 forma
1215 2423 1430 2459 substantialis
1440 2433 1659 2458 cometarum
1676 2422 1724 2457 est
1738 2423 1861 2457 eadem
1871 2434 1954 2457 cum

237 2473 497 2514 causam-mali,
513 2473 579 2509 sive
587 2486 669 2509 cum
683 2474 795 2509 forum
811 2473 909 2520 ipsius
925 2473 1018 2509 coeli.
1070 2473 1170 2507 Ratio
1187 2472 1254 2512 est,
1278 2473 1356 2519 quia
1371 2471 1562 2519 vapores&
1572 2470 1809 2506 exhalationes
1825 2471 1955 2506 hahent

235 2525 383 2557 eandem
394 2534 476 2557 cum
485 2534 572 2570 aqua
582 2522 618 2558 ὃς
626 2523 751 2562 terra,a
760 2523 883 2569 quibus
895 2531 1043 2566 exeunt3
1068 2532 1152 2569 ergo
1163 2521 1265 2555 etiam
1277 2532 1423 2556 cometae
1439 2520 1585 2555 eandem
1604 2520 1784 2554 habebunt
1805 2522 1956 2554 sormam

233 2581 316 2606 cum
331 2570 428 2605 -coelo
460 2571 662 2611 lanetarum‚
671 2571 689 2606 a
697 2582 767 2618 quo
778 2582 838 2617 per
846 2571 1009 2605 virtutem
1018 2568 1105 2604 Solis
1115 2569 1150 2604 ὅ(
1169 2569 1314 2604 siderum
1325 2578 1544 2617 generantur.

329 2619 435 2654 Cone
450 2619 520 2654 usio
530 2618 667 2655 mstava:
693 2619 804 2654 Causa
813 2617 969 2654 effeffiva
979 2628 1194 2654 cometarum
1211 2617 1257 2652 est
1269 2617 1334 2664 ipsa
1343 2618 1393 2652 vis
1400 2616 1510 2652 activa
1518 2615 1606 2650 Solis
1621 2614 1657 2650 ὅ(
1671 2614 1830 2650 siderum.
1855 2616 1950 2650 Nam

233 2668 534 2713 quemadmodum
547 2668 597 2703 vis
607 2667 714 2704 affiva
722 2667 822 2706 Solis,
831 2667 866 2702 ὅ(
876 2666 1021 2702 siderum
1033 2666 1068 2702 ὅ(
1079 2666 1292 2712 planetarum
1301 2665 1413 2713 potest
1429 2664 1574 2700 influere
1590 2664 1625 2699 ὅ(
1644 2663 1788 2698 alterare
1805 2675 1954 2711 corpora

233 2715 440 2756 sublunaria,
455 2716 500 2752 ita
508 2716 610 2752 etiam
620 2717 749 2765 poterit
756 2716 898 2751 alterare
909 2727 1056 2764 corpora
1068 2714 1218 2750 coelestia
1225 2714 1280 2749 illa
1292 2713 1540 2750 condensando
1550 2736 1560 2752 ,
1580 2712 1819 2748 calefaciendo
1829 2712 1864 2747 ὅ(
1875 2711 1950 2747 illu-

224 2763 407 2801 minando.

330 2812 484 2859 Colliges
492 2813 605 2859 primo
615 2824 657 2848 ex
665 2812 787 2859 P‚Arr.
800 2813 844 2848 D.
855 2811 956 2847 unica
971 2812 1015 2855 de
1030 2810 1135 2848 coelo.
1154 2810 1217 2845 sec.
1227 2822 1251 2856 3.
1267 2823 1300 2845 n.
1319 2823 1350 2846 2.
1373 2809 1520 2857 Aliquos
1537 2809 1707 2844 Comttas
1724 2807 1791 2843 esse
1804 2808 1951 2842 miracu—

235 2858 310 2894 lose
319 2860 336 2895 a
346 2859 445 2896 'DEO
459 2859 659 2907 procreatos
666 2885 676 2902 ,
685 2861 721 2897 ὅ(
736 2862 771 2896 hi
780 2859 918 2909 possunt
926 2861 945 2894 ὲ
953 2872 1063 2907 quacu
1070 2871 1162 2906 nque
1169 2859 1311 2894 materia
1320 2858 1435 2894 sieri&
1444 2858 1635 2906 procreari,
1656 2857 1737 2904 quia
1754 2869 1835 2891 cum
1844 2857 1862 2891 a
1871 2857 1951 2891 Deo

234 2908 442 2945 miraculose
450 2909 550 2950 fiant,
567 2922 641 2945 non
650 2919 838 2959 repugnat,
862 2909 881 2944 a
899 2909 995 2944 DEO
1012 2908 1087 2943 illos
1097 2919 1138 2943 ex
1147 2919 1355 2955 quacunque
1367 2906 1509 2942 materia
1525 2907 1569 2940 ad
1583 2905 1672 2940 illius
1690 2904 1948 2952 beneplacitum

231 2968 415 3004 procreari.

332 3005 486 3052 Colliqes
497 3006 668 3043 secundet
696 3006 884 3041 Cometam
904 3004 1118 3040 sublunarem
1137 3003 1171 3039 &
1181 3003 1297 3038 minus
1313 3002 1450 3050 proprie
1467 3000 1598 3036 ditium
1612 3000 1678 3036 esse
1694 2999 1951 3036 exhalationem

234 3052 413 3102 pinguem,
423 3044 560 3090 {rassam
569 3078 579 3095 ,
587 3054 760 3102 copiosam
770 3077 780 3093 ,
789 3054 939 3101 partibus
950 3055 1040 3088 bene
1050 3052 1159 3087 densis
1168 3053 1203 3087 in
1213 3052 1365 3099 suprema
1374 3051 1520 3097 regione
1528 3050 1614 3084 aeris
1621 3048 1811 3084 accensam.
1839 3048 1952 3085 Causa

233 3113 318 3137 vero
328 3100 480 3140 efficiens
488 3104 616 3140 horum
625 3113 840 3139 cometarum
851 3101 897 3138 est
903 3111 978 3138 turn
987 3101 1081 3137 calor
1091 3112 1235 3149 vapores
1244 3100 1405 3148 copiosos
1413 3108 1595 3134 attenuans
1602 3121 1614 3139 ,
1622 3098 1656 3133 ὅ(
1668 3098 1828 3145 usquead
1836 3096 1949 3144 supre-

1852 3157 1947 3182 mam
