2054 3496
255 204 359 269 264
936 195 1302 269 Meteorologia

257 277 409 325 Ophites
420 274 467 310 est
475 283 628 310 marmor
635 274 778 311 maculis
794 274 990 323 serpentum
1007 275 1123 314 simile.
1172 275 1395 323 Porphyrites
1406 273 1453 310 est
1460 281 1614 311 marmor
1621 275 1735 311 rubeis
1745 273 1781 311 δε·
1794 275 1884 324 quasi
1892 287 1972 313 can*

255 327 345 362 didis
359 323 503 360 maculis
512 323 726 368 distinfflum3
743 324 797 359 seu
815 325 930 371 potius
945 324 1059 359 rubeis
1073 336 1154 361 cum
1163 324 1305 359 maculis
1321 324 1613 362 internitentibus.
1670 323 1822 359 Colores
1837 337 1920 360 vero
1935 326 1972 362 hi

252 374 335 409 varii
351 383 565 408 marmorum
575 372 740 407 distributi
757 372 824 408 sive
831 382 995 420 tanquam
1005 384 1122 412 venae,
1143 372 1209 408 sive
1227 382 1265 407 ut
1273 372 1416 407 maculae
1431 372 1507 406 sunt
1515 383 1556 407 ex
1571 372 1661 408 succi
1675 372 1805 407 diversa
1818 373 1972 420 percola-

255 423 354 458 tione
363 420 488 456 scilicet
502 431 563 467 per
578 418 746 455 diversum
762 420 899 460 colum,
917 420 970 456 vel
984 421 1147 456 cribrum.
1198 419 1371 469 Analogia
1385 419 1432 455 est
1447 421 1481 454 in
1497 419 1599 460 laete,
1621 421 1725 467 chylo
1741 420 1776 456 ὃς
1792 421 1973 469 sanguine,

253 481 406 519 quorum
421 468 520 504 color
535 467 686 504 diversus
701 478 743 503 ex
755 468 883 505 diversa
900 468 1139 517 percolatione
1153 469 1318 504 statuitur.
1369 468 1555 504 Coeterum
1569 468 1672 504 etiam
1689 468 1809 505 succus
1822 471 1930 513 (utin
1938 483 1972 519 q.

250 530 351 567 praec.
367 516 636 562 annotavimus)
651 517 824 553 mineralis
838 515 988 552 diversus
1004 538 1015 556 ,
1030 516 1085 553 vel
1101 516 1272 552 mineralis
1286 516 1457 552 exhalatio
1468 517 1502 551 in
1517 517 1624 564 ipsum
1641 517 1780 553 succum
1795 515 1971 565 lapideum

251 577 333 602 ante
349 566 614 602 concretionem
632 565 784 604 subiens,
799 565 894 601 reike
905 565 1030 600 dicitur
1043 565 1211 600 inducere
1226 566 1377 600 diversos
1385 563 1533 601 colores,
1585 567 1694 614 Qod
1703 564 1970 615 confirmaripo-

249 615 313 651 test
329 627 371 650 ex
387 626 448 654 eo,
466 614 563 661 quod
574 614 666 668 'ignis
681 613 713 648 vi
730 613 886 662 plerique
898 613 1028 662 lapides
1041 613 1105 649 suis
1122 613 1299 649 coloribus
1314 623 1485 649 exuantur
1497 635 1507 654 ‚
1520 614 1624 662 igitur
1632 615 1785 649 extranei
1795 625 1891 650 erant
1903 638 1914 656 ,
1934 616 1970 653 δι

247 676 324 700 non
339 661 637 710 exintimalapidis
651 672 782 697 natura.

345 755 508 803 Quaeres,
523 753 598 801 quis
620 752 657 788 sit
668 753 795 788 modus
813 764 967 788 marmor
980 751 1178 802 laevigandi?
1193 752 1421 800 Responde0,
1435 751 1969 802 laevigari&poliriarenamujus

247 803 380 840 affri&u
392 812 548 838 extantes
557 801 729 849 particulae
741 811 952 841 atteruntur,
972 814 1052 837 cum
1069 802 1163 837 enim
1172 813 1239 849 prae
1248 801 1373 836 duritie
1384 799 1533 848 majores
1541 802 1836 850 particulaeexcuti
1845 803 1898 838 vel
1909 806 1966 839 de-

247 852 316 888 cidi
332 863 404 886 non
414 848 557 898 possint,
570 849 701 885 affricta
717 850 865 885 arenulae
883 851 1036 886 minores
1054 851 1278 885 excutiuntur
1292 872 1303 890 ⁷
1319 850 1370 884 hae
1386 850 1697 898 namquefacilius,
1713 852 1816 898 quam
1832 851 1894 886 illae
1909 853 1969 888 de-

245 900 313 937 cidi
331 899 479 947 possunt.
530 899 728 934 Adhibetur
742 899 845 933 etiam
861 900 1006 938 humor,
1022 911 1093 946 quo
1110 898 1232 935 scilicet
1247 910 1350 934 arena
1359 898 1593 947 subigatur‚&
1608 909 1812 941 maceretur,
1828 909 1866 936 ut
1882 900 1964 937 faci-

243 947 309 984 lius
328 948 394 984 sese
409 946 615 984 ‘incavitates
632 946 703 982 illas
720 947 883 989 insinuet,
899 958 975 995 quae
995 946 1197 995 dejiciendae
1216 948 1302 982 sunt.

342 1037 531 1075 Conclufio
546 1051 578 1074 2.
635 1044 686 1074 Cos
708 1037 791 1085 lapis
814 1037 861 1074 est
883 1037 1025 1077 solidus,
1040 1037 1153 1074 nitore
1169 1049 1288 1074 carens
1305 1060 1315 1077 ‚
1344 1037 1380 1074 ὅ(
1396 1036 1546 1086 granulis
1562 1037 1740 1078 constans,
1760 1036 1859 1085 cujus
1878 1039 1914 1074 in
1933 1052 1968 1077 a.

243 1088 385 1124 cuendo
401 1088 493 1122 ferro
510 1085 587 1122 usus
602 1087 660 1124 est.
714 1085 827 1134 Hujus
836 1086 962 1135 species
971 1086 1018 1122 est
1028 1089 1157 1121 Cottkula
1166 1086 1220 1122 seu
1230 1085 1426 1135 Lydt‘uslapis
1437 1109 1446 1126 ‚
1462 1098 1533 1134 quo
1544 1087 1679 1122 metalla
1693 1087 1964 1128 affiicatafflnce·

242 1147 279 1172 ta
294 1137 334 1172 ab
343 1134 542 1171 adulterinis
556 1134 819 1184 dignoscuntur.
872 1136 1039 1183 Optimus
1055 1135 1213 1171 censetur
1227 1159 1236 1176 ³
1252 1135 1473 1182 quihominis
1497 1135 1602 1170 halitu
1619 1136 1777 1183 protinus
1794 1137 1888 1171 sudat
1904 1149 1967 1172 nu-

248 1185 401 1231 bemque
412 1183 557 1221 discutit.
611 1181 817 1220 Durissimus
831 1183 878 1219 est
892 1196 934 1219 ex
949 1184 1065 1231 plexu.
1116 1184 1234 1219 Habet
1249 1183 1446 1219 denticulos
1463 1180 1674 1218 acutissimos
1689 1184 1784 1220 velut
1802 1183 1966 1221 subtilissi-

242 1241 299 1268 ma
319 1233 399 1268 lima
415 1255 425 1272 ,
444 1244 519 1280 quae
533 1231 639 1268 ῑειὲἶιιί
651 1233 696 1268 ob
715 1232 934 1268 subtilitatem
948 1232 1061 1280 aspera
1075 1244 1148 1268 non
1164 1233 1312 1268 videtur.
1362 1231 1656 1280 Aspergituraqua
1665 1233 1754 1272 coti,
1765 1234 1842 1268 utin
1853 1246 1891 1268 ea
1900 1235 1967 1269 fer·

241 1290 320 1317 rum
338 1282 526 1330 subigatur,
542 1281 741 1328 complanat
754 1281 846 1316 enirn
863 1282 993 1316 humor
1008 1280 1157 1328 majores
1173 1281 1243 1316 illas
1258 1281 1469 1328 asperitate&
1485 1281 1638 1327 alioquin
1655 1282 1800 1316 nimium
1816 1283 1966 1328 partium

239 1329 385 1379 stragem
399 1331 499 1375 sacit3
515 1331 587 1365 imo
603 1340 641 1365 ut
654 1329 865 1365 leniusacies
882 1339 1067 1365 exacuatur
1082 1353 1092 1370 ,
1112 1330 1188 1365 Cos
1202 1330 1345 1379 ungitur
1359 1328 1449 1364 oleo.
1485 1328 1587 1376 Lapis
1605 1330 1662 1365 hic
1677 1339 1836 1378 tempore
1846 1330 1965 1367 Theo-

238 1378 365 1428 phrasti
375 1379 410 1414 in
420 1378 551 1414 Tmolo
571 1378 832 1424 inveniebatur;
847 1378 882 1414 in
896 1379 976 1414 rivis
985 1378 1237 1414 Hildisheimiis
1252 1378 1360 1413 hodie
1375 1377 1410 1413 &
1421 1377 1659 1413 Goselarianis.

338 1469 529 1505 Conclusio
543 1469 654 1505 tertia.
704 1470 782 1503 Sdex
794 1468 842 1505 est
856 1468 938 1516 lapis
955 1469 1081 1504 solidus
1097 1468 1133 1504 ὅ(
1148 1480 1323 1504 marmore
1337 1468 1466 1503 durior.
1520 1467 1679 1504 Diversos
1704 1467 1841 1505 colores
1858 1469 1964 1505 habet

238 1517 275 1555 &
284 1519 466 1554 mixturam
483 1518 584 1566 opaci
594 1530 675 1553 cum
687 1519 858 1565 diaphano
869 1519 915 1553 ob
927 1517 1179 1564 dispofitionem
1191 1518 1317 1552 variam
1327 1516 1567 1565 particularum
1582 1528 1622 1552 ex
1631 1518 1879 1564 percolatione.
1890 1520 1962 1554 Va-

235 1564 307 1603 lide
316 1567 417 1603 resilit
425 1565 600 1615 p1·0je&us
609 1590 618 1605 ,
637 1566 800 1601 nimirum
812 1577 953 1614 propter
963 1566 1122 1602 duritiem
1134 1566 1301 1601 elasticam
1311 1577 1390 1601 cum
1403 1577 1468 1600 nec
1483 1569 1600 1605 cedat,
1610 1577 1675 1600 nec
1691 1567 1961 1602 comminuatur.

239 1615 450 1652 Ferramenti
462 1615 592 1652 incussu
603 1616 610 1649 i
640 1616 690 1649 nis
701 1615 844 1652 elicitur.
897 1614 1000 1650 Unde
1009 1612 1192 1650 revocatur
1201 1617 1242 1649 ad
1251 1625 1362 1662 genus
1371 1613 1522 1662 lapidum
1534 1617 1636 1662 Pyrites
1646 1614 1774 1648 dictum
1786 1637 1795 1653 ,
1806 1615 1862 1662 qui
1879 1616 1962 1650 cha-

234 1664 314 1711 lybe
324 1663 616 1713 percussusscintil
631 1675 665 1698 as
675 1663 763 1712 ignis
774 1664 856 1698 edit.
907 1664 1062 1711 Qidam
1075 1663 1193 1698 Silices
1206 1663 1401 1710 liquescunt
1418 1664 1463 1698 ob
1479 1663 1661 1697 mixturam
1673 1663 1770 1697 vitrei
1787 1664 1888 1699 succi.

334 1754 525 1792 Conclusio
535 1764 666 1803 quarta.
720 1753 869 1803 Lapides
879 1753 991 1801 porosi
1007 1753 1099 1792 sunt,
1115 1753 1174 1802 qui
1192 1765 1233 1788 ex
1244 1753 1383 1788 materia
1393 1764 1465 1788 non
1481 1751 1581 1788 valde
1597 1752 1777 1800 compassa
1790 1753 1959 1796 constant,

234 1803 390 1851 ideoque
405 1815 518 1851 partes
533 1805 663 1839 habent
681 1814 780 1838 raras.
832 1800 934 1837 Tales
948 1799 1323 1849 suntTephus&Pumex.
1375 1802 1446 1837 Hic
1458 1801 1540 1849 lapis
1555 1801 1873 1852 estrariorspongiae
1884 1815 1960 1838 mo-

233 1853 282 1887 do
298 1852 483 1892 fistulosus,
503 1854 597 1887 unde
613 1857 691 1887 ae're
699 1863 805 1898 poros
814 1850 974 1900 oppletos
984 1851 1099 1886 habet.
1149 1849 1545 1897 Hincinnatataquae‚&
1560 1850 1677 1885 Infulis
1693 1849 1886 1887 natantibus
1896 1850 1964 1900 pro'

236 1901 471 1937 fundamento
483 1901 540 1939 est.
590 1900 638 1935 Vi
654 1899 776 1935 caloris
786 1899 992 1948 plerumque
1007 1899 1215 1939 concrescit,
1233 1908 1415 1947 propterea
1429 1911 1470 1934 ex
1486 1900 1666 1934 montibus
1682 1900 1867 1936 ionivomis
1883 1914 1911 1935 e1
1921 1913 1959 1936 u-

233 1949 317 1986 &ari
335 1949 427 1986 solet.
480 1950 537 1984 Ad
553 1949 781 1997 laevigandum
797 1948 896 1983 valde
912 1948 1200 1984 accommodatus
1216 1947 1263 1982 est
1275 1970 1285 1988 ‚
1307 1947 1362 1982 sua
1382 1948 1474 1982 enim
1490 1947 1665 1995 asperitate
1735 1950 1957 1988 comminuto

233 1998 376 2046 pulvere
386 2008 540 2033 extantes
549 1997 730 2032 marmoris
740 2006 850 2044 partes
867 1997 1076 2043 complanat.
1125 1997 1239 2043 ‘sophus
1254 1995 1392 2044 spongia
1409 1996 1492 2031 item
1507 1995 1637 2043 lapidea
1653 1996 1699 2030 est
1712 2019 1722 2036 ‚
1740 1997 1794 2031 sed
1811 1999 1956 2043 densior,

204 2079 206 2082 ,
232 2047 605 2096 graviorquepumice‚
622 2046 716 2080 unde
728 2057 798 2081 non
810 2055 849 2080 ut
859 2046 952 2092 prior
967 2045 1063 2092 aquis
1080 2045 1227 2084 innatat,
1245 2045 1483 2089 percolatione
1500 2044 1708 2085 concrescit,
1725 2044 1903 2081 defluente
1922 2048 1956 2082 e'-

233 2096 307 2130 nim
322 2107 409 2143 aqua
426 2095 642 2142 relinquntur
658 2094 991 2141 particulaelapideae.
1042 2094 1097 2128 Sic
1119 2105 1161 2128 ex
1172 2093 1302 2140 Topho
1324 2104 1575 2129 concameratae
1603 2093 1809 2141 plerumque
1832 2095 1950 2142 specus

234 2144 328 2182 sunt,
344 2156 386 2179 ex
402 2144 526 2191 quibus
542 2155 628 2191 aqua
644 2142 787 2177 distillat.
839 2142 1038 2191 Frigidusne
1055 2141 1107 2181 fit,
1125 2154 1166 2176 an
1184 2142 1312 2177 calidus
1324 2164 1335 2182 ‚
1349 2142 1545 2189 disputatur.
1598 2142 1681 2176 Hoc
1696 2141 1876 2179 Cardanus
1896 2145 1953 2180 ad-

234 2192 346 2232 struit,
363 2204 468 2240 quem
484 2192 609 2227 refutat
619 2192 769 2240 Scaliger
779 2191 937 2238 inquiens
949 2204 957 2226 :
973 2190 1106 2237 Tophnm
1114 2190 1243 2223 calidum
1257 2190 1321 2236 effe,
1335 2195 1400 2237 qut’s
1412 2189 1469 2223 tibi
1478 2189 1579 2227 dixit?
1594 2203 1666 2223 nam
1680 2192 1864 2240 nequcgustn
1877 2215 1888 2233 ,
1905 2206 1955 2227 ne.

231 2254 288 2289 que
300 2243 396 2281 melu,
412 2255 505 2288 neque
514 2241 629 2275 medica
643 2244 819 2287 experientior
832 2239 866 2273 t'd
879 2240 925 2273 vel
937 2244 1110 2278 inventum,
1123 2241 1173 2272 vel
1183 2250 1328 2286 repertum
1343 2238 1388 2284 est.
1439 2239 1585 2275 Exel‘cit.
1595 2248 1644 2284 57.

331 2332 520 2368 Conclusio
531 2331 661 2379 quinta.
713 2330 861 2380 Lapides
879 2342 920 2365 ex
929 2329 1063 2365 laminis
1080 2329 1253 2378 compacti
1268 2330 1436 2365 variarum
1455 2329 1642 2377 specierum
1661 2328 1747 2365 sunt.
1756 2341 1778 2365 i.
1796 2329 1955 2375 Petrostilbe

231 2380 338 2429 vulgo
351 2385 490 2429 Lavagna
507 2393 548 2415 ex
559 2380 692 2415 laminis
709 2379 917 2420 concrescit,
932 2379 1010 2427 quia
1025 2379 1132 2425 prima
1142 2379 1323 2414 concretio
1333 2378 1371 2414 fit
1380 2378 1484 2413 veluti
1499 2378 1533 2412 in
1550 2378 1705 2413 subtilem
1715 2378 1859 2414 crustam
1869 2391 1951 2414 exu-

233 2431 337 2465 dante
347 2429 458 2477 supra,
477 2429 632 2476 infraque
645 2430 796 2463 humore
807 2441 818 2473 ς
831 2439 916 2463 mox
932 2439 1043 2462 novus
1054 2427 1171 2462 succus
1186 2426 1376 2474 lapidificus
1387 2427 1592 2474 expanditur
1606 2427 1642 2462 ὃς
1657 2426 1818 2462 accrescit
1833 2428 1951 2475 primae

232 2478 361 2515 crustae.
409 2478 518 2527 Nigra
536 2477 600 2518 est,
611 2478 705 2512 unde
713 2489 799 2523 aqua
816 2488 876 2524 per
885 2477 1038 2511 fodinam
1048 2475 1265 2511 Petrostilbes
1274 2474 1383 2511 fluens
1394 2477 1440 2510 est
1451 2475 1550 2510 valde
1559 2485 1646 2515 atra,
1660 2475 1840 2511 &turbida
1849 2498 1859 2516 ‚
1872 2477 1952 2524 quia

231 2527 380 2563 cumhic
390 2526 471 2573 lapis
480 2527 521 2561 ab
531 2527 682 2561 humore
691 2525 789 2560 facile
799 2525 969 2573 subigatur
977 2547 986 2563 ,
996 2524 1141 2559 multam
1159 2524 1400 2572 particularum
1410 2524 1479 2558 vim
1490 2536 1577 2571 aqua
1587 2522 1819 2570 praeterfluens
1835 2525 1951 2561 secum

231 2575 388 2623 asportat.
416 2575 510 2610 Hinc
520 2574 540 2609 si
549 2575 677 2610 deinde
684 2585 770 2621 aqua
777 2572 937 2620 praedIE'm
946 2573 1094 2620 quiescat
1102 2595 1111 2612 ‚
1120 2569 1348 2619 limpidissima
1359 2572 1619 2608 &saluberrima
1629 2572 1757 2612 evadit,
1767 2574 1950 2621 corpuscu-

230 2624 263 2658 la
271 2624 364 2658 enim
376 2624 494 2670 lapidis
504 2624 550 2658 ob
560 2623 762 2671 gravitatem
775 2622 865 2656 suam
876 2621 1036 2656 deorsum
1046 2622 1224 2656 tendentia
1237 2621 1383 2669 reliquas
1400 2622 1500 2656 etiam
1513 2620 1626 2656 sordes
1638 2620 1750 2656 secum
1766 2621 1948 2669 asportant.

233 2673 320 2707 Usus
331 2670 403 2717 ejus
413 2672 593 2719 praesertim
603 2672 646 2706 ad
654 2669 743 2706 tedia
752 2670 933 2705 formanda
942 2670 1096 2705 deservit.
1105 2682 1135 2705 2.
1146 2667 1247 2716 Lapis
1257 2669 1433 2717 specularis
1445 2668 1550 2718 vulgo
1558 2671 1642 2703 Talco
1651 2668 1761 2705 di&us
1770 2691 1779 2709 ⁷
1790 2670 1948 2706 concresss

230 2721 280 2755 cit
287 2732 329 2755 ex
344 2720 445 2756 succo
453 2721 611 2756 accurate
620 2721 800 2767 depurato.
842 2719 963 2754 Oritur
972 2716 1045 2764 ejus
1058 2718 1276 2766 perspicuitas
1285 2718 1554 2753 exordinatione
1567 2728 1754 2765 pororum3
1769 2718 1948 2754 scilicetla-

228 2768 421 2808 menarum,
432 2770 513 2804 cum
524 2769 672 2804 invicem
683 2768 887 2815 separantur,
895 2779 974 2802 nam
986 2767 1080 2801 simul
1090 2765 1285 2813 conjunf‘tae
1296 2778 1412 2814 opacae
1422 2766 1497 2801 sunt
1512 2767 1640 2813 (quem
1651 2767 1844 2801 admodum
1859 2779 1946 2814 aqua

229 2817 402 2865 profunda
411 2817 553 2853 obscura
562 2816 633 2863 est)
648 2828 778 2864 nempe
786 2817 832 2851 ob
841 2815 1137 2852 inordinationem
1151 2827 1320 2863 potorum
1330 2816 1430 2851 unius
1438 2814 1581 2850 lamellae
1589 2826 1670 2850 cum
1680 2813 1823 2850 lamellae
1832 2815 1944 2851 alteri-

226 2876 268 2900 us
283 2865 388 2914 poris.

328 2940 518 2977 Conclusio
532 2942 643 2979 Sexta.
717 2939 921 2989 Lithophita
943 2939 1019 2975 sunt
1035 2963 1046 2980 ,
1073 2951 1149 2988 quae
1181 2952 1224 2976 ex
1247 2941 1350 2977 succo
1378 2941 1607 2989 lapidescente
1634 2942 1678 2977 ad
1699 2939 1800 2981 instar
1819 2940 1954 2989 plantat„

231 2988 387 3025 crescunt
404 3002 463 3037 per
479 2989 820 3036 introsusceptionem
837 3012 847 3028 ‚
868 2991 962 3024 unde
976 2989 1011 3024 δ(
1027 2988 1154 3037 lapides
1167 2989 1290 3036 plantae
1306 2990 1541 3026 nominantur.
1606 2991 1654 3025 Ex
1668 2990 1720 3025 his
1735 2990 1847 3038 primo
1862 2989 1943 3026 loco

232 3050 432 3073 numeratur
441 3037 659 3085 Glossopetra
673 3031 733 3077 ,'id
750 3037 796 3072 est
809 3061 819 3076 ‚
837 3037 919 3084 lapis
936 3037 978 3071 ad
996 3039 1143 3072 modum
1161 3038 1285 3086 linguae
1300 3048 1484 3074 concretus
1500 3049 1537 3074 ut
1551 3038 1738 3086 plurimum
1756 3035 1941 3073 denticula'-

232 3095 273 3120 1ae
292 3108 302 3126 ,
332 3088 390 3129 qui
413 3088 475 3122 suae
495 3087 627 3122 matrici
649 3087 799 3121 adhoeret
815 3109 825 3124 2
851 3085 905 3120 vel
925 3086 1028 3120 radici
1044 3109 1054 3123 2
1079 3097 1120 3120 ex
1142 3098 1208 3133 qua
1232 3087 1348 3121 sensim
1379 3086 1445 3121 sine
1471 3086 1563 3122 sensu
1593 3086 1679 3134 sugit
1703 3085 1943 3121 alimentitium

231 3134 370 3170 succum
384 3157 393 3174 ‚
409 3140 643 3183 apparentque
660 3135 781 3169 nativa·
798 3134 887 3168 fibrae
903 3147 914 3177 3
929 3135 1007 3168 bine
1023 3134 1122 3168 iacile
1138 3135 1172 3169 in
1195 3134 1342 3182 longum
1358 3132 1499 3171 (inditur
1513 3158 1524 3175 ,
1540 3145 1579 3170 ut
1593 3135 1726 3184 lignum
1738 3134 1796 3174 ,id
1813 3134 1883 3174 est',
1899 3136 1943 3169 se-

232 3181 388 3218 c’undur'n
409 3183 572 3219 fibrarum
592 3182 862 3230 longitudinem.
921 3183 1054 3217 Dicitur
1078 3183 1135 3218 hic
1160 3182 1242 3231 lapis
1268 3194 1385 3219 arcere
1409 3195 1598 3220 venenum.
1653 3183 1816 3221 Secundo
1841 3194 1940 3217 revo-

1819 3240 1939 3267 cantur
