2054 3496
287 179 390 230 242
963 158 1328 231 Meteorologia

283 238 424 286 Lipara,
441 235 632 285 Strongyloe
645 236 820 274 continuis
829 237 950 273 ardent
966 236 1129 279 flammis,
1144 249 1219 286 quae
1229 239 1264 273 in
1280 238 1399 272 medio
1415 236 1516 273 etiam
1535 238 1618 273 mari
1639 245 1779 273 manent
1793 232 1997 275 inextinehae.

282 286 354 322 Prae
364 285 494 322 cacteris
503 295 617 320 tamen
627 285 729 321 AEtna
737 297 839 322 mons
848 285 1029 321 Catanenfi
1038 285 1144 321 littori
1164 285 1323 332 adjacens
1334 297 1414 321 cum
1430 286 1607 321 horrendo
1617 287 1753 334 fragore
1767 282 1890 332 globos
1901 284 2002 332 igne-⁷

283 345 323 369 os
335 335 402 369 late
421 333 656 382 spargit,adeo
672 343 709 369 ut
720 344 863 369 centum
874 334 1057 382 aliquando
1075 334 1229 381 passuum
1247 334 1350 368 millia
1365 334 1538 369 cineribus
1552 333 1618 369 late
1628 333 1812 380 compleat.
1861 332 1948 367 Tres
1962 341 1997 365 e-

282 383 364 418 tiam
373 384 408 417 in
419 381 564 417 Islandia
579 383 653 417 [iint
666 392 822 421 montes,
839 394 988 429 quorum
1004 383 1149 418 vertices
1160 383 1331 430 perpetuis
1349 381 1461 430 rigent
1471 383 1604 418 nivibus
1614 405 1623 421 ,
1637 382 1767 417 radices
1779 391 1894 417 autem
1911 390 1997 414 con-

282 431 387 466 tinuis
403 431 524 465 ardent
533 428 699 475 flammis;
716 441 805 465 unus
815 430 927 466 Hecla
942 431 1084 471 dicitur,
1100 430 1184 466 alter
1196 442 1300 465 mons
1313 431 1443 472 crucis,
1458 431 1576 467 tertius
1587 430 1708 479 Helga.
1760 429 1864 463 Haud
1874 425 1997 476 procul

281 478 434 514 Puteolis
449 479 535 514 intra
546 480 662 514 fauces
679 478 853 515 montium
868 479 1026 527 planities
1041 479 1076 513 in
1090 478 1313 526 compedium
1331 479 1426 514 venit
1439 501 1450 519 ,
1473 491 1575 526 quam
1595 479 1678 514 olim
1695 477 1824 514 Plinius
1841 478 1997 524 Campos

280 526 477 575 Phlegraeos
488 526 506 561 :i
522 525 667 562 flammis
684 527 719 562 ὅ(
736 528 860 562 ardore
873 527 1032 572 vocavit3
1047 527 1235 564 Cornelius
1249 537 1365 562 autem
1379 528 1500 563 Strabo
1507 530 1615 571 forum
1628 525 1781 561 Vulcani
1798 522 1996 573 appellavit,

280 577 340 612 ubi
354 576 390 612 ὅ(
406 576 535 623 antiqui
552 575 718 623 Gigantes
729 577 770 611 ab
780 575 934 611 Hercule
949 576 1121 623 superatos
1134 575 1273 611 fabulati
1289 575 1373 610 sunt.
1423 575 1544 610 Solum
1561 577 1605 611 ibi
1622 572 1738 623 paffim
1756 572 1895 621 flagrare
1910 584 1996 608 con-

279 624 437 672 spicitur,
454 625 488 660 ὅ(
498 635 644 673 magnos
654 625 781 671 ubique
790 623 871 659 cum
879 623 1062 671 sulphureo
1072 625 1183 659 odore
1199 624 1313 659 fumos
1323 635 1383 671 per
1399 624 1495 671 plura
1503 625 1671 658 foramina
1681 623 1808 658 exhalai
1818 634 1837 658 e
1849 623 1996 660 videtur,

278 674 338 721 qui
349 684 408 720 per
420 684 563 707 omnem
579 673 646 707 late
663 674 843 722 regionem
851 673 962 707 ventis
970 673 1072 707 etiam
1084 672 1271 720 Neapolim
1288 684 1397 720 usque
1414 673 1628 710 deferuntur.
1680 672 1718 706 In
1729 673 1850 706 eadem
1860 670 1998 718 planitie

279 722 403 770 ingens
417 721 538 757 lacuna
552 720 616 760 est,
634 732 709 768 quae
725 721 897 756 continuo
913 720 1135 756 bullientibus
1147 743 1158 761 ,
1181 720 1217 756 ὃς
1236 721 1336 769 nigro
1354 720 1411 755 suo
1428 721 1547 756 colore
1560 721 1784 756 formidinem
1798 718 1994 754 incutienti-

280 771 344 806 bus
354 770 448 817 aquis
457 770 558 817 plena
570 769 746 816 speetatur.
799 769 927 804 Mirum
944 769 979 805 ὅ(
994 768 1096 810 illud,
1111 768 1313 817 voraginem
1323 769 1412 804 illam
1428 780 1531 817 aquas
1542 770 1626 804 ultra
1634 770 1821 805 humanam
1835 766 1996 802 staturam

278 822 322 854 ad
332 825 361 859 8.
379 818 433 853 vel
450 830 496 853 10.
511 817 669 854 &adhuc
684 817 797 865 plures
812 819 918 865 pedes
928 818 962 853 in
970 818 1152 865 pyramidis
1169 819 1333 859 modum,
1350 829 1475 865 easque
1489 817 1678 866 pingues&
1689 816 1857 865 sulphurei
1868 815 2006 851 coloris·

277 868 314 902 in
330 867 437 902 altum
453 866 622 906 evibrare,
639 866 673 901 ὅ(
688 868 758 901 hoc
773 863 985 913 potiffimum
1001 867 1081 901 cum
1099 877 1192 902 mare
1205 866 1337 907 aestuat,
1353 878 1427 901 non
1442 867 1544 906 item,
1564 860 1704 914 quando
1714 864 1864 913 quiescit.
1914 864 1994 911 Spe-

278 915 414 951 &antur
432 915 579 950 etiamin
590 914 642 949 his
652 915 871 950 caminorum
889 914 1047 950 duffibus
1057 915 1217 962 spiracula
1228 926 1301 949 non
1316 927 1424 962 pauca
1432 924 1506 950 tum
1522 925 1769 953 ventum,tum
1787 912 1942 948 flammas
1961 923 1995 946 e-

277 963 457 1000 meantia.
468 964 544 999 Nec
553 962 636 998 illud
645 964 989 1011 praetermittendum,
999 964 1094 1010 quod
1104 964 1148 998 de
1157 963 1321 998 Chinenli
1334 963 1481 1011 quadam
1491 962 1683 1002 Provincia,
1695 961 1878 1002 Xanlidifita
1887 961 1992 995 refer—

277 1013 380 1053 tur,in
391 1025 456 1060 qua
465 1011 560 1059 putei
570 1013 661 1060 ignei
670 1023 742 1047 non
752 1011 844 1047 secus
852 1023 892 1048 ac
899 1012 997 1059 aquei
1008 1009 1127 1060 passim
1138 1012 1172 1046 in
1181 1012 1309 1058 campis
1319 1012 1546 1059 reperiuntur,
1556 1012 1612 1047 ubi
1625 1011 1747 1046 incolae
1758 1022 1886 1059 magno
1896 1020 1993 1044 corn-

276 1061 407 1109 pendio
418 1084 427 1100 ,
443 1073 483 1096 ac
492 1060 689 1108 sumptuum
699 1060 902 1108 parlimonia
915 1061 1012 1095 cibos
1029 1060 1206 1108 impofitos
1222 1059 1504 1108 coquerelolent.
1556 1060 1639 1095 Hoc
1655 1071 1757 1099 vero,
1775 1068 1813 1094 ut
1827 1057 1996 1097 efficiant,

277 1110 373 1158 putei
389 1108 559 1145 orificium
574 1109 620 1149 ita
636 1108 820 1148 claudunt,
842 1108 1117 1156 utpraeterollarn
1137 1118 1195 1143 aut
1212 1111 1377 1143 cacabum
1394 1107 1478 1143 nihil
1493 1108 1585 1143 aliud
1599 1109 1775 1147 admittat,
1791 1119 1834 1142 to
1851 1106 1936 1146 fine,
1952 1118 1997 1141 ne
2044 1118 2046 1122 ’

278 1157 372 1193 calor
387 1170 447 1205 per
462 1157 766 1192 laxioraforamina
781 1154 954 1205 diffipatus
964 1157 1130 1192 obturatis
1145 1156 1256 1191 striete
1269 1158 1442 1196 terminis,
1459 1158 1567 1206 magis
1587 1167 1765 1204 magisque
1782 1156 1993 1195 intendatur,

277 1217 381 1254 atque
390 1207 433 1241 ita
443 1205 538 1240 nullo
548 1206 638 1253 pene
650 1205 769 1240 labore
784 1205 880 1240 cibos
890 1206 977 1240 intra
987 1206 1089 1241 breve
1099 1215 1236 1252 tempus
1246 1205 1415 1256 indigenae
1424 1217 1619 1252 excoquere
1637 1205 1755 1240 (olent.

378 1255 523 1302 Quaeres
539 1255 662 1302 quinto
677 1268 686 1289 ε
705 1255 809 1290 Unde
820 1253 994 1289 intervalla
1008 1254 1201 1302 eruptionis
1217 1254 1349 1302 ignium
1365 1254 1595 1290 exVulcamis
1611 1253 1816 1289 montibus?
1840 1252 1993 1300 Respon-

278 1304 346 1338 deo
362 1325 372 1343 ,
394 1304 464 1338 hoc
486 1303 625 1337 evenire
649 1314 690 1338 ex
700 1301 836 1338 dele&u
858 1303 1007 1338 materiae
1021 1325 1031 1343 ,
1048 1303 1180 1337 tamdiu
1195 1303 1287 1338 enim
1310 1304 1433 1338 durare
1454 1302 1537 1337 solet
1552 1303 1638 1351 ignis
1660 1301 1717 1337 iste
1740 1301 1993 1340 subterraneus,

276 1353 444 1400 quamdiu
457 1352 656 1386 fomentum
673 1349 746 1398 ejus
761 1352 860 1385 durat
876 1364 887 1396 3
906 1352 1003 1398 quod
1019 1352 1102 1386 dum
1117 1350 1334 1399 absumptum
1345 1351 1408 1391 est,
1422 1351 1527 1399 ignis,
1543 1361 1580 1385 ut
1594 1351 1678 1386 libia
1693 1360 1813 1385 natura
1827 1350 1995 1390 inditum,

279 1401 506 1447 extinguitur,
518 1411 701 1446 quousque
717 1400 816 1434 novis
827 1399 1006 1447 conceptis
1017 1399 1198 1435 feminibus
1214 1401 1332 1436 denuo
1341 1402 1544 1437 renascatur.

374 1449 422 1483 Ex
438 1447 535 1483 dietis
551 1447 722 1496 colligitur
730 1448 843 1495 primo
859 1461 868 1482 ι
882 1449 1091 1495 Ubicunque
1100 1448 1291 1484 Vulcanius
1307 1460 1411 1484 mons
1426 1448 1553 1487 existit,
1569 1447 1613 1482 ibi
1625 1446 1738 1483 subtus
1748 1456 1872 1482 terram
1889 1457 1993 1494 pyro-

275 1497 464 1546 philacinm
479 1495 545 1532 esse
553 1497 701 1531 omnino
714 1497 830 1545 negari
847 1508 919 1531 non
927 1495 1347 1544 poffe,quemadmodum
1357 1497 1502 1532 fumanti
1512 1497 1649 1532 camino
1660 1497 1776 1544 ignem
1786 1495 1990 1531 culinarium

276 1555 337 1581 aut
350 1546 553 1581 fornaceurn
569 1543 695 1580 subesse
703 1545 994 1592 quisquefatetur.
1045 1545 1140 1580 Hinc
1154 1557 1219 1580 nec
1235 1546 1323 1580 adeo
1339 1546 1464 1581 mirum
1480 1545 1587 1581 videri
1604 1546 1726 1584 debet,
1742 1544 1762 1578 fi
1779 1545 1992 1590 quandoque

276 1593 547 1630 &metallorum
563 1591 753 1628 fluidorum
766 1603 956 1633 torrenteS,
972 1605 1092 1628 amnes
1102 1605 1142 1628 ex
1152 1594 1226 1641 pice
1239 1593 1368 1641 liquida
1377 1595 1552 1632 ardentes,
1569 1605 1608 1628 ac
1627 1593 1721 1640 plura
1736 1592 1798 1626 alia
1814 1594 1855 1626 ab
1871 1592 1990 1626 incen-

275 1643 316 1679 fis
330 1642 383 1678 his
397 1641 575 1677 Vulcaniis
591 1642 746 1677 motibus
755 1642 1026 1689 profundantur,
1043 1642 1129 1689 ignis
1139 1643 1230 1677 enim
1241 1641 1376 1677 latentis
1385 1643 1550 1678 violentia
1565 1642 1639 1689 iplae
1655 1642 1798 1676 minerae
1812 1640 1990 1681 metallife-

275 1703 322 1727 rae
338 1690 373 1727 ὅ(
390 1687 563 1726 duriffiina
578 1700 732 1737 quaequae
754 1688 982 1725 dissolvuntur
995 1713 1005 1729 ,
1023 1690 1058 1727 ἃ
1075 1690 1335 1738 εοΗίηυεΓςυηῑ.
1403 1691 1453 1726 Ita
1476 1691 1622 1738 legimus
1643 1691 1734 1738 apud
1753 1688 1871 1725 Celtas
1884 1711 1895 1730 ,
1910 1700 1992 1724 cum

274 1749 415 1776 montes
426 1739 555 1787 Riphaei
564 1739 749 1786 aliquando
761 1738 886 1774 incensi
896 1738 1042 1779 fuissent,
1050 1740 1182 1788 argenti
1190 1739 1282 1774 rivos
1290 1750 1350 1787 per
1358 1749 1481 1775 terram
1492 1738 1632 1774 fluxiffe.
1640 1738 1737 1774 Alex.
1747 1736 1768 1772 Ι.
1777 1740 1808 1772 6.
1818 1749 1849 1775 e.
1857 1749 1893 1784 4.

374 1787 560 1836 Colligitur
573 1786 744 1826 secundo,
762 1787 997 1836 Regiones,in
1011 1787 1134 1835 quibus
1144 1785 1371 1824 flammivomi
1385 1797 1524 1824 montes
1538 1788 1773 1835 reperiuntur,
1783 1786 1989 1834 plerumque

276 1836 353 1871 sunt
368 1836 548 1871 fertiliores
563 1836 634 1872 aliis
651 1835 862 1871 terrestribus
877 1835 975 1871 locis.
1041 1837 1083 1871 Et
1097 1836 1184 1872 ratio
1199 1835 1264 1876 est,
1280 1837 1359 1884 quia
1368 1836 1622 1876 exhalationes,
1633 1847 1708 1882 quae
1719 1836 1760 1870 ab
1777 1835 1913 1883 ignibus
1934 1845 1991 1869 ex-

275 1884 401 1933 spirant
415 1884 654 1923 subterraneis,
671 1887 766 1919 terrae
775 1895 880 1931 poros
889 1884 995 1932 magis
1004 1884 1166 1931 aperiant,
1175 1883 1211 1920 ὅ(
1219 1895 1355 1928 apertos
1365 1885 1527 1921 continea
1533 1893 1588 1929 nt3
1597 1885 1693 1919 unde
1701 1882 1904 1931 vegetabilia
1913 1894 1988 1917 non

275 1933 412 1969 tantum
426 1934 444 1967 a
459 1932 701 1981 frigoremagis
715 1942 870 1967 tutantur
881 1955 892 1972 ,
908 1931 963 1967 sed
977 1932 1153 1980 &spiritus
1166 1932 1344 1970 calidiores
1358 1933 1578 1981 concipiunt,
1588 1932 1623 1968 ὅ(
1633 1932 1695 1980 per'
1702 1943 1823 1967 eorum
1834 1933 1908 1966 vasa
1918 1940 1990 1966 tam

275 1982 457 2020 succifera,
467 1983 570 2028 quam
581 1986 677 2016 aerea
686 2004 694 2020 ,
705 1982 788 2015 dum
805 1982 922 2016 succus
934 1982 1042 2030 magis
1052 1979 1220 2017 decoctus
1228 1982 1361 2018 facilius
1376 1991 1604 2030 propagatur,
1619 1981 1686 2029 ipsa
1703 1980 1805 2015 etiam
1815 1979 1989 2028 vegetatio

275 2029 575 2066 accommodatius
592 2029 791 2076 promoveri
806 2028 927 2076 potest.
992 2065 998 2068 ,

375 2078 530 2126 Colliges
544 2078 666 2113 tertio:
682 2077 920 2117 Praetu-dieta,
934 2077 1125 2113 Vulcanios
1134 2088 1273 2114 montes
1283 2077 1640 2127 plerumqueinfessari
1658 2075 1812 2123 spei-stris,
1822 2074 1875 2111 vel
1885 2075 1989 2110 utad-

278 2136 401 2163 euntes
410 2126 532 2173 procul
547 2125 770 2166 absterreant,
784 2125 836 2160 vel
849 2127 892 2161 de
904 2127 1027 2161 futuris
1044 2125 1289 2162 calamitatibus
1305 2137 1552 2175 prcemoneant.
1604 2126 1659 2161 Sic
1667 2124 1704 2159 P.
1717 2125 1883 2160 Fournier
1892 2123 1988 2159 Geo-

276 2177 395 2224 graph.
407 2175 493 2212 Orb.
506 2174 677 2212 not.lib.1.
689 2186 717 2211 c.
727 2186 765 2208 11.
780 2174 896 2209 refert:
906 2175 996 2210 circa
1004 2174 1123 2210 Heclae
1137 2172 1296 2210 montem
1311 2176 1506 2213 oben-antia
1521 2174 1647 2221 spefiira
1662 2184 1823 2221 tempore
1838 2172 1986 2219 compri-

276 2224 343 2259 mis
379 2223 567 2267 ublicarum
576 2223 722 2271 stragum
733 2221 1037 2258 &commissorum
1072 2223 1242 2258 raeliorurn
1252 2224 1365 2271 plures
1379 2224 1481 2260 caesos
1492 2224 1526 2259 S<
1536 2222 1718 2258 defunetos
1727 2222 1845 2259 habitu
1857 2220 1989 2257 &facie

279 2272 361 2308 exat
378 2271 659 2319 erepraesentare3
675 2272 796 2305 eadem
805 2271 1021 2319 aliquandoo
1052 2269 1360 2321 erricongreffibus
1374 2282 1542 2308 notorum
1557 2272 1741 2307 hominum
1757 2279 1827 2306 tam
1843 2269 1987 2304 manife-

277 2319 342 2362 sta,
356 2331 394 2356 ut
408 2319 736 2366 tanquamviventes
754 2320 968 2366 excipiantur
980 2321 1021 2355 ab
1035 2320 1159 2368 ignaris
1175 2321 1296 2356 mortis
1310 2321 1465 2360 illorum,
1482 2320 1560 2355 data
1576 2321 1706 2358 dextr-3.
1758 2319 1837 2354 Fata
1849 2316 1986 2365 insuper

473 2367 693 2415 Principum,
704 2368 832 2416 quidve
847 2368 1015 2404 remotius
1031 2369 1066 2405 in
1081 2369 1167 2403 orbe
1182 2380 1380 2419 peragatur,
1392 2370 1433 2406 ab
1448 2369 1572 2405 iisdem
1587 2369 1786 2416 frequenter

1062 2416 1186 2457 resciri.
