<?xml version="1.0" encoding="UTF-8"?>
<!DOCTYPE html PUBLIC "-//W3C//DTD XHTML 1.0 Transitional//EN"
    "http://www.w3.org/TR/xhtml1/DTD/xhtml1-transitional.dtd">
<html xmlns="http://www.w3.org/1999/xhtml" xml:lang="en" lang="en">
 <head>
  <title>
</title>
<meta http-equiv="Content-Type" content="text/html;charset=utf-8" />
  <meta name='ocr-system' content='tesseract 3.04.00' />
  <meta name='ocr-capabilities' content='ocr_page ocr_carea ocr_par ocr_line ocrx_word'/>
</head>
<body>
  <div class='ocr_page' id='page_1' title='image "./meteorologiaphil00rein/meteorologiaphil00rein_0292.png"; bbox 0 0 2054 3496; ppageno 0'>
   <div class='ocr_carea' id='block_1_1' title="bbox 226 178 1261 253">
    <p class='ocr_par' dir='ltr' id='par_1_1' title="bbox 226 178 1261 253">
     <span class='ocr_line' id='line_1_1' title="bbox 226 178 1261 253; baseline -0.014 -8"><span class='ocrx_word' id='word_1_1' title='bbox 226 199 325 252; x_wconf 83' lang='lat'>280</span> <span class='ocrx_word' id='word_1_2' title='bbox 897 178 1261 253; x_wconf 84' lang='lat' dir='ltr'>Meteorologia</span> 
     </span>
    </p>
   </div>
   <div class='ocr_carea' id='block_1_2' title="bbox 230 255 1951 796">
    <p class='ocr_par' dir='ltr' id='par_1_2' title="bbox 230 255 1951 796">
     <span class='ocr_line' id='line_1_2' title="bbox 329 255 1948 313; baseline -0.006 -12"><span class='ocrx_word' id='word_1_3' title='bbox 329 267 464 313; x_wconf 77' lang='lat' dir='ltr'>Argues</span> <span class='ocrx_word' id='word_1_4' title='bbox 478 264 593 300; x_wconf 86' lang='lat' dir='ltr'>tertio.</span> <span class='ocrx_word' id='word_1_5' title='bbox 642 264 701 299; x_wconf 87' lang='lat' dir='ltr'>Ad</span> <span class='ocrx_word' id='word_1_6' title='bbox 716 261 988 311; x_wconf 70' lang='lat' dir='ltr'>produffionem</span> <span class='ocrx_word' id='word_1_7' title='bbox 1003 260 1076 296; x_wconf 88' lang='lat' dir='ltr'>auri</span> <span class='ocrx_word' id='word_1_8' title='bbox 1092 259 1269 296; x_wconf 82' lang='lat' dir='ltr'>concurrit</span> <span class='ocrx_word' id='word_1_9' title='bbox 1282 259 1377 296; x_wconf 86' lang='lat' dir='ltr'>calor</span> <span class='ocrx_word' id='word_1_10' title='bbox 1384 257 1681 306; x_wconf 78' lang='lat' dir='ltr'>Solis&amp;syderum</span> <span class='ocrx_word' id='word_1_11' title='bbox 1694 255 1844 293; x_wconf 77' lang='lat' dir='ltr'>influxus</span> <span class='ocrx_word' id='word_1_12' title='bbox 1858 256 1875 296; x_wconf 81' lang='lat'>,&#39;</span> <span class='ocrx_word' id='word_1_13' title='bbox 1886 255 1948 304; x_wconf 83' lang='lat' dir='ltr'>qui</span> 
     </span>
     <span class='ocr_line' id='line_1_3' title="bbox 233 306 1950 361; baseline -0.006 -11"><span class='ocrx_word' id='word_1_14' title='bbox 233 326 307 350; x_wconf 86' lang='lat' dir='ltr'>non</span> <span class='ocrx_word' id='word_1_15' title='bbox 318 313 428 361; x_wconf 81' lang='lat' dir='ltr'>potest</span> <span class='ocrx_word' id='word_1_16' title='bbox 436 313 577 360; x_wconf 72' lang='lat' dir='ltr'>suppleri</span> <span class='ocrx_word' id='word_1_17' title='bbox 585 323 648 361; x_wconf 83' lang='lat' dir='ltr'>per</span> <span class='ocrx_word' id='word_1_18' title='bbox 658 311 907 359; x_wconf 79' lang='lat' dir='ltr'>caloremignis</span> <span class='ocrx_word' id='word_1_19' title='bbox 916 308 1073 357; x_wconf 85' lang='lat' dir='ltr'>applicati</span> <span class='ocrx_word' id='word_1_20' title='bbox 1081 309 1184 348; x_wconf 86' lang='lat' dir='ltr'>,ficut</span> <span class='ocrx_word' id='word_1_21' title='bbox 1198 308 1255 343; x_wconf 88' lang='lat' dir='ltr'>hic</span> <span class='ocrx_word' id='word_1_22' title='bbox 1265 320 1337 344; x_wconf 89' lang='lat' dir='ltr'>non</span> <span class='ocrx_word' id='word_1_23' title='bbox 1347 307 1459 356; x_wconf 87' lang='lat' dir='ltr'>potest</span> <span class='ocrx_word' id='word_1_24' title='bbox 1474 307 1627 355; x_wconf 85' lang='lat' dir='ltr'>supplere</span> <span class='ocrx_word' id='word_1_25' title='bbox 1644 306 1796 342; x_wconf 90' lang='lat' dir='ltr'>calorem</span> <span class='ocrx_word' id='word_1_26' title='bbox 1811 314 1950 340; x_wconf 86' lang='lat' dir='ltr'>natura-</span> 
     </span>
     <span class='ocr_line' id='line_1_4' title="bbox 232 354 1951 408; baseline -0.005 -11"><span class='ocrx_word' id='word_1_27' title='bbox 232 364 312 401; x_wconf 84' lang='lat' dir='ltr'>lem,</span> <span class='ocrx_word' id='word_1_28' title='bbox 322 361 400 396; x_wconf 85' lang='lat' dir='ltr'>alias</span> <span class='ocrx_word' id='word_1_29' title='bbox 409 362 510 396; x_wconf 81' lang='lat' dir='ltr'>ctiam</span> <span class='ocrx_word' id='word_1_30' title='bbox 519 361 694 396; x_wconf 78' lang='lat' dir='ltr'>mediante</span> <span class='ocrx_word' id='word_1_31' title='bbox 702 360 782 408; x_wconf 79' lang='lat' dir='ltr'>igne</span> <span class='ocrx_word' id='word_1_32' title='bbox 798 371 839 394; x_wconf 81' lang='lat' dir='ltr'>ex</span> <span class='ocrx_word' id='word_1_33' title='bbox 855 370 943 406; x_wconf 86' lang='lat' dir='ltr'>pane</span> <span class='ocrx_word' id='word_1_34' title='bbox 960 356 1070 405; x_wconf 82' lang='lat' dir='ltr'>poffet</span> <span class='ocrx_word' id='word_1_35' title='bbox 1085 355 1158 391; x_wconf 78' lang='lat' dir='ltr'>fieri</span> <span class='ocrx_word' id='word_1_36' title='bbox 1171 367 1270 396; x_wconf 87' lang='lat' dir='ltr'>caro,</span> <span class='ocrx_word' id='word_1_37' title='bbox 1286 355 1323 392; x_wconf 67' lang='grc' dir='ltr'>ὅ(</span> <span class='ocrx_word' id='word_1_38' title='bbox 1339 368 1382 392; x_wconf 85' lang='lat' dir='ltr'>ex</span> <span class='ocrx_word' id='word_1_39' title='bbox 1396 357 1480 391; x_wconf 80' lang='lat' dir='ltr'>vino</span> <span class='ocrx_word' id='word_1_40' title='bbox 1497 356 1669 390; x_wconf 84' lang='lat' dir='ltr'>humanus</span> <span class='ocrx_word' id='word_1_41' title='bbox 1688 354 1833 402; x_wconf 83' lang='lat' dir='ltr'>sanguis.</span> <span class='ocrx_word' id='word_1_42' title='bbox 1883 354 1951 389; x_wconf 85' lang='lat' dir='ltr'>Re-</span> 
     </span>
     <span class='ocr_line' id='line_1_5' title="bbox 233 400 1950 458; baseline -0.006 -13"><span class='ocrx_word' id='word_1_43' title='bbox 233 411 388 457; x_wconf 86' lang='lat' dir='ltr'>spondeo</span> <span class='ocrx_word' id='word_1_44' title='bbox 405 410 584 458; x_wconf 79' lang='lat' dir='ltr'>negando,</span> <span class='ocrx_word' id='word_1_45' title='bbox 601 409 697 456; x_wconf 83' lang='lat' dir='ltr'>quod</span> <span class='ocrx_word' id='word_1_46' title='bbox 714 408 808 444; x_wconf 84' lang='lat' dir='ltr'>calor</span> <span class='ocrx_word' id='word_1_47' title='bbox 826 406 936 441; x_wconf 83' lang='lat' dir='ltr'>solaris</span> <span class='ocrx_word' id='word_1_48' title='bbox 947 417 1019 440; x_wconf 89' lang='lat' dir='ltr'>non</span> <span class='ocrx_word' id='word_1_49' title='bbox 1034 402 1137 452; x_wconf 84' lang='lat' dir='ltr'>poffit</span> <span class='ocrx_word' id='word_1_50' title='bbox 1152 404 1314 451; x_wconf 86' lang='lat' dir='ltr'>suppleri,</span> <span class='ocrx_word' id='word_1_51' title='bbox 1332 415 1372 439; x_wconf 89' lang='lat' dir='ltr'>ut</span> <span class='ocrx_word' id='word_1_52' title='bbox 1387 413 1481 451; x_wconf 89' lang='lat' dir='ltr'>patet</span> <span class='ocrx_word' id='word_1_53' title='bbox 1495 404 1529 438; x_wconf 91' lang='lat' dir='ltr'>in</span> <span class='ocrx_word' id='word_1_54' title='bbox 1546 402 1709 442; x_wconf 86' lang='lat' dir='ltr'>floribus,</span> <span class='ocrx_word' id='word_1_55' title='bbox 1724 402 1784 449; x_wconf 87' lang='lat' dir='ltr'>qui</span> <span class='ocrx_word' id='word_1_56' title='bbox 1799 402 1842 437; x_wconf 89' lang='lat' dir='ltr'>ad</span> <span class='ocrx_word' id='word_1_57' title='bbox 1856 400 1950 436; x_wconf 86' lang='lat' dir='ltr'>calo-</span> 
     </span>
     <span class='ocr_line' id='line_1_6' title="bbox 231 450 1951 504; baseline -0.006 -11"><span class='ocrx_word' id='word_1_58' title='bbox 231 470 306 494; x_wconf 84' lang='lat' dir='ltr'>rem</span> <span class='ocrx_word' id='word_1_59' title='bbox 315 458 464 493; x_wconf 70' lang='lat' dir='ltr'>fornacis</span> <span class='ocrx_word' id='word_1_60' title='bbox 475 458 509 491; x_wconf 87' lang='lat' dir='ltr'>in</span> <span class='ocrx_word' id='word_1_61' title='bbox 518 458 644 504; x_wconf 75' lang='lat' dir='ltr'>hyeme</span> <span class='ocrx_word' id='word_1_62' title='bbox 653 465 880 504; x_wconf 69' lang='lat' dir='ltr'>generantur,</span> <span class='ocrx_word' id='word_1_63' title='bbox 890 454 924 489; x_wconf 68' lang='lat' dir='ltr'>&lt;St</span> <span class='ocrx_word' id='word_1_64' title='bbox 936 455 970 488; x_wconf 90' lang='lat' dir='ltr'>in</span> <span class='ocrx_word' id='word_1_65' title='bbox 980 453 1095 488; x_wconf 91' lang='lat' dir='ltr'>multis</span> <span class='ocrx_word' id='word_1_66' title='bbox 1103 452 1174 488; x_wconf 88' lang='lat' dir='ltr'>aliis</span> <span class='ocrx_word' id='word_1_67' title='bbox 1189 451 1367 488; x_wconf 59' lang='lat' dir='ltr'>effectibus</span> <span class='ocrx_word' id='word_1_68' title='bbox 1377 475 1386 492; x_wconf 90' lang='lat'>,</span> <span class='ocrx_word' id='word_1_69' title='bbox 1397 453 1441 487; x_wconf 89' lang='lat' dir='ltr'>de</span> <span class='ocrx_word' id='word_1_70' title='bbox 1450 452 1573 499; x_wconf 87' lang='lat' dir='ltr'>quibus</span> <span class='ocrx_word' id='word_1_71' title='bbox 1586 450 1831 498; x_wconf 80' lang='lat' dir='ltr'>experientiam</span> <span class='ocrx_word' id='word_1_72' title='bbox 1845 450 1951 484; x_wconf 85' lang='lat' dir='ltr'>habe-</span> 
     </span>
     <span class='ocr_line' id='line_1_7' title="bbox 231 497 1950 552; baseline -0.005 -11"><span class='ocrx_word' id='word_1_73' title='bbox 231 518 322 542; x_wconf 75' lang='lat' dir='ltr'>mus.</span> <span class='ocrx_word' id='word_1_74' title='bbox 374 507 430 540; x_wconf 87' lang='lat' dir='ltr'>Sic</span> <span class='ocrx_word' id='word_1_75' title='bbox 438 505 679 552; x_wconf 78' lang='lat' dir='ltr'>pariterpotest</span> <span class='ocrx_word' id='word_1_76' title='bbox 687 516 748 552; x_wconf 90' lang='lat' dir='ltr'>per</span> <span class='ocrx_word' id='word_1_77' title='bbox 756 514 865 539; x_wconf 86' lang='lat' dir='ltr'>artem</span> <span class='ocrx_word' id='word_1_78' title='bbox 876 501 1238 537; x_wconf 82' lang='lat' dir='ltr'>medicinae&amp;virtute</span> <span class='ocrx_word' id='word_1_79' title='bbox 1246 501 1513 548; x_wconf 83' lang='lat' dir='ltr'>pharmacorum</span> <span class='ocrx_word' id='word_1_80' title='bbox 1522 499 1665 546; x_wconf 85' lang='lat' dir='ltr'>suppleri</span> <span class='ocrx_word' id='word_1_81' title='bbox 1684 497 1840 533; x_wconf 55' lang='lat' dir='ltr'>defectus</span> <span class='ocrx_word' id='word_1_82' title='bbox 1856 497 1950 532; x_wconf 87' lang='lat' dir='ltr'>calo·</span> 
     </span>
     <span class='ocr_line' id='line_1_8' title="bbox 232 546 1950 594; baseline -0.005 -4"><span class='ocrx_word' id='word_1_83' title='bbox 232 556 276 591; x_wconf 79' lang='lat' dir='ltr'>ris</span> <span class='ocrx_word' id='word_1_84' title='bbox 293 554 464 589; x_wconf 85' lang='lat' dir='ltr'>naturalis.</span> <span class='ocrx_word' id='word_1_85' title='bbox 517 554 623 589; x_wconf 90' lang='lat' dir='ltr'>Calor</span> <span class='ocrx_word' id='word_1_86' title='bbox 637 563 755 587; x_wconf 86' lang='lat' dir='ltr'>tamen</span> <span class='ocrx_word' id='word_1_87' title='bbox 771 550 939 587; x_wconf 86' lang='lat' dir='ltr'>stomachi</span> <span class='ocrx_word' id='word_1_88' title='bbox 955 551 998 585; x_wconf 90' lang='lat' dir='ltr'>ad</span> <span class='ocrx_word' id='word_1_89' title='bbox 1013 549 1338 584; x_wconf 83' lang='lat' dir='ltr'>transmutationem</span> <span class='ocrx_word' id='word_1_90' title='bbox 1354 547 1600 583; x_wconf 88' lang='lat' dir='ltr'>substantialem</span> <span class='ocrx_word' id='word_1_91' title='bbox 1611 548 1628 582; x_wconf 79' lang='lat' dir='ltr'>a</span> <span class='ocrx_word' id='word_1_92' title='bbox 1643 547 1758 582; x_wconf 84' lang='lat' dir='ltr'>calore</span> <span class='ocrx_word' id='word_1_93' title='bbox 1774 546 1862 594; x_wconf 79' lang='lat' dir='ltr'>ignis</span> <span class='ocrx_word' id='word_1_94' title='bbox 1875 556 1950 582; x_wconf 87' lang='lat' dir='ltr'>non</span> 
     </span>
     <span class='ocr_line' id='line_1_9' title="bbox 232 593 1948 650; baseline -0.006 -12"><span class='ocrx_word' id='word_1_95' title='bbox 232 602 406 650; x_wconf 76' lang='lat' dir='ltr'>suppletur</span> <span class='ocrx_word' id='word_1_96' title='bbox 415 625 424 642; x_wconf 62' lang='lat'>2</span> <span class='ocrx_word' id='word_1_97' title='bbox 440 613 520 637; x_wconf 88' lang='lat' dir='ltr'>cum</span> <span class='ocrx_word' id='word_1_98' title='bbox 531 602 602 637; x_wconf 89' lang='lat' dir='ltr'>hoc</span> <span class='ocrx_word' id='word_1_99' title='bbox 618 601 719 636; x_wconf 88' lang='lat' dir='ltr'>nobis</span> <span class='ocrx_word' id='word_1_100' title='bbox 727 600 820 635; x_wconf 86' lang='lat' dir='ltr'>nulla</span> <span class='ocrx_word' id='word_1_101' title='bbox 833 600 968 634; x_wconf 89' lang='lat' dir='ltr'>ratione</span> <span class='ocrx_word' id='word_1_102' title='bbox 982 597 1129 632; x_wconf 87' lang='lat' dir='ltr'>constet.</span> <span class='ocrx_word' id='word_1_103' title='bbox 1180 597 1319 632; x_wconf 85' lang='lat' dir='ltr'>Deinde</span> <span class='ocrx_word' id='word_1_104' title='bbox 1328 599 1371 632; x_wconf 91' lang='lat' dir='ltr'>ad</span> <span class='ocrx_word' id='word_1_105' title='bbox 1379 596 1642 645; x_wconf 80' lang='lat' dir='ltr'>generationem</span> <span class='ocrx_word' id='word_1_106' title='bbox 1653 595 1761 630; x_wconf 88' lang='lat' dir='ltr'>carnis</span> <span class='ocrx_word' id='word_1_107' title='bbox 1770 594 1807 630; x_wconf 73' lang='grc' dir='ltr'>ὃ(</span> <span class='ocrx_word' id='word_1_108' title='bbox 1817 593 1948 642; x_wconf 79' lang='lat' dir='ltr'>sangui-</span> 
     </span>
     <span class='ocr_line' id='line_1_10' title="bbox 233 640 1950 698; baseline -0.005 -13"><span class='ocrx_word' id='word_1_109' title='bbox 233 652 284 686; x_wconf 82' lang='lat' dir='ltr'>nis</span> <span class='ocrx_word' id='word_1_110' title='bbox 299 650 394 698; x_wconf 84' lang='lat' dir='ltr'>plura</span> <span class='ocrx_word' id='word_1_111' title='bbox 403 651 638 696; x_wconf 73' lang='lat' dir='ltr'>requiruntur,</span> <span class='ocrx_word' id='word_1_112' title='bbox 654 661 757 696; x_wconf 82' lang='lat' dir='ltr'>quam</span> <span class='ocrx_word' id='word_1_113' title='bbox 766 658 837 683; x_wconf 86' lang='lat' dir='ltr'>arte</span> <span class='ocrx_word' id='word_1_114' title='bbox 846 647 911 682; x_wconf 86' lang='lat' dir='ltr'>ulla</span> <span class='ocrx_word' id='word_1_115' title='bbox 919 645 1009 682; x_wconf 84' lang='lat' dir='ltr'>effici</span> <span class='ocrx_word' id='word_1_116' title='bbox 1018 644 1154 693; x_wconf 84' lang='lat' dir='ltr'>poffint.</span> <span class='ocrx_word' id='word_1_117' title='bbox 1205 645 1364 680; x_wconf 82' lang='lat' dir='ltr'>Tradunt</span> <span class='ocrx_word' id='word_1_118' title='bbox 1372 655 1488 680; x_wconf 84' lang='lat' dir='ltr'>tamen</span> <span class='ocrx_word' id='word_1_119' title='bbox 1499 642 1677 683; x_wconf 85' lang='lat' dir='ltr'>nonnulli&#39;,</span> <span class='ocrx_word' id='word_1_120' title='bbox 1692 641 1867 690; x_wconf 73' lang='lat' dir='ltr'>fici-iposs‘e</span> <span class='ocrx_word' id='word_1_121' title='bbox 1876 640 1950 677; x_wconf 78' lang='lat' dir='ltr'>car-</span> 
     </span>
     <span class='ocr_line' id='line_1_11' title="bbox 231 690 1947 746; baseline -0.006 -11"><span class='ocrx_word' id='word_1_122' title='bbox 231 712 312 736; x_wconf 80' lang='lat' dir='ltr'>nem</span> <span class='ocrx_word' id='word_1_123' title='bbox 329 710 371 733; x_wconf 82' lang='lat' dir='ltr'>ex</span> <span class='ocrx_word' id='word_1_124' title='bbox 380 709 538 746; x_wconf 19' lang='lat' dir='ltr'>panc-yper</span> <span class='ocrx_word' id='word_1_125' title='bbox 547 697 688 745; x_wconf 80' lang='lat' dir='ltr'>aliquod</span> <span class='ocrx_word' id='word_1_126' title='bbox 698 699 769 732; x_wconf 84' lang='lat' dir='ltr'>dies</span> <span class='ocrx_word' id='word_1_127' title='bbox 780 694 912 733; x_wconf 79' lang='lat' dir='ltr'>defoffo</span> <span class='ocrx_word' id='word_1_128' title='bbox 929 695 964 729; x_wconf 89' lang='lat' dir='ltr'>in</span> <span class='ocrx_word' id='word_1_129' title='bbox 974 693 1205 741; x_wconf 77' lang='lat' dir='ltr'>sterquilini03</span> <span class='ocrx_word' id='word_1_130' title='bbox 1222 695 1317 740; x_wconf 85' lang='lat' dir='ltr'>quod</span> <span class='ocrx_word' id='word_1_131' title='bbox 1334 694 1476 740; x_wconf 90' lang='lat' dir='ltr'>quidem</span> <span class='ocrx_word' id='word_1_132' title='bbox 1485 693 1528 727; x_wconf 88' lang='lat' dir='ltr'>ad</span> <span class='ocrx_word' id='word_1_133' title='bbox 1537 692 1666 727; x_wconf 83' lang='lat' dir='ltr'>fabulas</span> <span class='ocrx_word' id='word_1_134' title='bbox 1674 690 1902 737; x_wconf 87' lang='lat' dir='ltr'>rejiciendum</span> <span class='ocrx_word' id='word_1_135' title='bbox 1913 701 1947 724; x_wconf 89' lang='lat' dir='ltr'>e-</span> 
     </span>
     <span class='ocr_line' id='line_1_12' title="bbox 230 739 1948 796; baseline -0.005 -14"><span class='ocrx_word' id='word_1_136' title='bbox 230 760 278 796; x_wconf 84' lang='lat' dir='ltr'>go</span> <span class='ocrx_word' id='word_1_137' title='bbox 294 746 460 782; x_wconf 80' lang='lat' dir='ltr'>existimo.</span> <span class='ocrx_word' id='word_1_138' title='bbox 510 749 647 782; x_wconf 80' lang='lat' dir='ltr'>Atvero</span> <span class='ocrx_word' id='word_1_139' title='bbox 658 747 701 781; x_wconf 90' lang='lat' dir='ltr'>ad</span> <span class='ocrx_word' id='word_1_140' title='bbox 715 745 842 780; x_wconf 85' lang='lat' dir='ltr'>metalli</span> <span class='ocrx_word' id='word_1_141' title='bbox 856 742 1183 779; x_wconf 82' lang='lat' dir='ltr'>transmutationem</span> <span class='ocrx_word' id='word_1_142' title='bbox 1193 743 1227 776; x_wconf 91' lang='lat' dir='ltr'>in</span> <span class='ocrx_word' id='word_1_143' title='bbox 1244 753 1365 777; x_wconf 85' lang='lat' dir='ltr'>aurum</span> <span class='ocrx_word' id='word_1_144' title='bbox 1383 740 1620 789; x_wconf 86' lang='lat' dir='ltr'>nihilamplius</span> <span class='ocrx_word' id='word_1_145' title='bbox 1631 739 1831 788; x_wconf 71' lang='lat' dir='ltr'>requiritur,</span> <span class='ocrx_word' id='word_1_146' title='bbox 1844 750 1948 786; x_wconf 83' lang='lat' dir='ltr'>quam</span> 
     </span>
    </p>
   </div>
   <div class='ocr_carea' id='block_1_3' title="bbox 229 789 1485 843">
    <p class='ocr_par' dir='ltr' id='par_1_3' title="bbox 229 789 1485 843">
     <span class='ocr_line' id='line_1_13' title="bbox 229 789 1485 843; baseline -0.005 -12"><span class='ocrx_word' id='word_1_147' title='bbox 229 807 283 832; x_wconf 80' lang='lat' dir='ltr'>ars</span> <span class='ocrx_word' id='word_1_148' title='bbox 292 818 302 836; x_wconf 90' lang='lat'>,</span> <span class='ocrx_word' id='word_1_149' title='bbox 320 806 394 843; x_wconf 70' lang='lat' dir='ltr'>quae</span> <span class='ocrx_word' id='word_1_150' title='bbox 399 793 472 842; x_wconf 89' lang='lat' dir='ltr'>jam</span> <span class='ocrx_word' id='word_1_151' title='bbox 481 797 604 842; x_wconf 83' lang='lat' dir='ltr'>adepta</span> <span class='ocrx_word' id='word_1_152' title='bbox 615 795 678 834; x_wconf 79' lang='lat' dir='ltr'>est,</span> <span class='ocrx_word' id='word_1_153' title='bbox 695 804 732 829; x_wconf 89' lang='lat' dir='ltr'>ut</span> <span class='ocrx_word' id='word_1_154' title='bbox 740 794 831 842; x_wconf 86' lang='lat' dir='ltr'>apud</span> <span class='ocrx_word' id='word_1_155' title='bbox 839 790 942 839; x_wconf 82' lang='lat' dir='ltr'>hujus</span> <span class='ocrx_word' id='word_1_156' title='bbox 951 791 1030 826; x_wconf 87' lang='lat' dir='ltr'>artis</span> <span class='ocrx_word' id='word_1_157' title='bbox 1045 790 1223 838; x_wconf 87' lang='lat' dir='ltr'>peritiores</span> <span class='ocrx_word' id='word_1_158' title='bbox 1231 801 1294 838; x_wconf 90' lang='lat' dir='ltr'>pro</span> <span class='ocrx_word' id='word_1_159' title='bbox 1313 799 1409 825; x_wconf 85' lang='lat' dir='ltr'>certo</span> <span class='ocrx_word' id='word_1_160' title='bbox 1427 789 1485 826; x_wconf 86' lang='lat' dir='ltr'>est.</span> 
     </span>
    </p>
   </div>
   <div class='ocr_carea' id='block_1_4' title="bbox 229 902 1950 1093">
    <p class='ocr_par' dir='ltr' id='par_1_4' title="bbox 229 902 1950 1093">
     <span class='ocr_line' id='line_1_14' title="bbox 328 902 1950 959; baseline -0.005 -14"><span class='ocrx_word' id='word_1_161' title='bbox 328 915 462 959; x_wconf 79' lang='lat' dir='ltr'>Argues</span> <span class='ocrx_word' id='word_1_162' title='bbox 478 918 612 957; x_wconf 85' lang='lat' dir='ltr'>quarto.</span> <span class='ocrx_word' id='word_1_163' title='bbox 662 909 749 943; x_wconf 91' lang='lat' dir='ltr'>Non</span> <span class='ocrx_word' id='word_1_164' title='bbox 765 906 905 955; x_wconf 75' lang='lat' dir='ltr'>possunt</span> <span class='ocrx_word' id='word_1_165' title='bbox 913 906 1178 954; x_wconf 76' lang='lat' dir='ltr'>chymiciunam</span> <span class='ocrx_word' id='word_1_166' title='bbox 1190 917 1366 955; x_wconf 77' lang='lat' dir='ltr'>gemmam</span> <span class='ocrx_word' id='word_1_167' title='bbox 1376 904 1647 941; x_wconf 83' lang='lat' dir='ltr'>transmutarein</span> <span class='ocrx_word' id='word_1_168' title='bbox 1657 903 1755 939; x_wconf 83' lang='lat' dir='ltr'>aliam</span> <span class='ocrx_word' id='word_1_169' title='bbox 1765 914 1797 939; x_wconf 88' lang='lat' dir='ltr'>v.</span> <span class='ocrx_word' id='word_1_170' title='bbox 1807 916 1839 951; x_wconf 84' lang='lat' dir='ltr'>g.</span> <span class='ocrx_word' id='word_1_171' title='bbox 1855 902 1950 938; x_wconf 88' lang='lat' dir='ltr'>Ada-</span> 
     </span>
     <span class='ocr_line' id='line_1_15' title="bbox 229 951 1950 1005; baseline -0.006 -10"><span class='ocrx_word' id='word_1_172' title='bbox 229 969 385 997; x_wconf 83' lang='lat' dir='ltr'>mantem</span> <span class='ocrx_word' id='word_1_173' title='bbox 396 962 428 993; x_wconf 88' lang='lat' dir='ltr'>in</span> <span class='ocrx_word' id='word_1_174' title='bbox 439 959 663 1005; x_wconf 76' lang='lat' dir='ltr'>Smaragdum</span> <span class='ocrx_word' id='word_1_175' title='bbox 673 979 683 995; x_wconf 86' lang='lat'>,</span> <span class='ocrx_word' id='word_1_176' title='bbox 693 956 955 1003; x_wconf 84' lang='lat' dir='ltr'>Chrysolithum</span> <span class='ocrx_word' id='word_1_177' title='bbox 971 956 1005 989; x_wconf 88' lang='lat' dir='ltr'>in</span> <span class='ocrx_word' id='word_1_178' title='bbox 1015 955 1462 1001; x_wconf 55' lang='lat' dir='ltr'>Carbunculumoergmmc</span> <span class='ocrx_word' id='word_1_179' title='bbox 1475 954 1567 988; x_wconf 87' lang='lat' dir='ltr'>aliud</span> <span class='ocrx_word' id='word_1_180' title='bbox 1583 952 1771 989; x_wconf 82' lang='lat' dir='ltr'>metallum.</span> <span class='ocrx_word' id='word_1_181' title='bbox 1795 951 1950 999; x_wconf 85' lang='lat' dir='ltr'>Respon-</span> 
     </span>
     <span class='ocr_line' id='line_1_16' title="bbox 229 999 1950 1053; baseline -0.005 -10"><span class='ocrx_word' id='word_1_182' title='bbox 229 1010 301 1044; x_wconf 86' lang='lat' dir='ltr'>deo</span> <span class='ocrx_word' id='word_1_183' title='bbox 311 1031 320 1048; x_wconf 82' lang='lat'>,</span> <span class='ocrx_word' id='word_1_184' title='bbox 341 1020 398 1042; x_wconf 80' lang='lat' dir='ltr'>me</span> <span class='ocrx_word' id='word_1_185' title='bbox 414 1005 515 1053; x_wconf 77' lang='lat' dir='ltr'>hujus</span> <span class='ocrx_word' id='word_1_186' title='bbox 524 1007 603 1040; x_wconf 83' lang='lat' dir='ltr'>artis</span> <span class='ocrx_word' id='word_1_187' title='bbox 613 1005 740 1040; x_wconf 83' lang='lat' dir='ltr'>nullam</span> <span class='ocrx_word' id='word_1_188' title='bbox 750 1007 867 1039; x_wconf 84' lang='lat' dir='ltr'>videre</span> <span class='ocrx_word' id='word_1_189' title='bbox 876 1004 1138 1053; x_wconf 77' lang='lat' dir='ltr'>repugnantiam</span> <span class='ocrx_word' id='word_1_190' title='bbox 1147 1026 1157 1043; x_wconf 89' lang='lat'>,</span> <span class='ocrx_word' id='word_1_191' title='bbox 1168 1005 1264 1050; x_wconf 91' lang='lat' dir='ltr'>quod</span> <span class='ocrx_word' id='word_1_192' title='bbox 1275 1003 1308 1037; x_wconf 90' lang='lat' dir='ltr'>id</span> <span class='ocrx_word' id='word_1_193' title='bbox 1319 1002 1424 1050; x_wconf 78' lang='lat' dir='ltr'>ipsum</span> <span class='ocrx_word' id='word_1_194' title='bbox 1435 1002 1535 1037; x_wconf 88' lang='lat' dir='ltr'>multi</span> <span class='ocrx_word' id='word_1_195' title='bbox 1550 1001 1865 1037; x_wconf 88' lang='lat' dir='ltr'>docentAuthores</span> <span class='ocrx_word' id='word_1_196' title='bbox 1874 1012 1885 1044; x_wconf 64' lang='grc' dir='ltr'><strong>ς</strong></span> <span class='ocrx_word' id='word_1_197' title='bbox 1894 999 1950 1034; x_wconf 86' lang='lat' dir='ltr'>vel</span> 
     </span>
     <span class='ocr_line' id='line_1_17' title="bbox 230 1048 1949 1093; baseline -0.005 -2"><span class='ocrx_word' id='word_1_198' title='bbox 230 1058 324 1092; x_wconf 80' lang='lat' dir='ltr'>certe</span> <span class='ocrx_word' id='word_1_199' title='bbox 340 1056 460 1091; x_wconf 88' lang='lat' dir='ltr'>nondu</span> <span class='ocrx_word' id='word_1_200' title='bbox 467 1067 499 1089; x_wconf 85' lang='lat' dir='ltr'>m</span> <span class='ocrx_word' id='word_1_201' title='bbox 511 1066 562 1089; x_wconf 87' lang='lat' dir='ltr'>ars</span> <span class='ocrx_word' id='word_1_202' title='bbox 578 1054 781 1088; x_wconf 87' lang='lat' dir='ltr'>illainventa</span> <span class='ocrx_word' id='word_1_203' title='bbox 797 1053 844 1088; x_wconf 90' lang='lat' dir='ltr'>est</span> <span class='ocrx_word' id='word_1_204' title='bbox 857 1075 868 1093; x_wconf 95' lang='lat'>,</span> <span class='ocrx_word' id='word_1_205' title='bbox 884 1052 966 1088; x_wconf 83' lang='lat' dir='ltr'>ficut</span> <span class='ocrx_word' id='word_1_206' title='bbox 981 1051 1028 1087; x_wconf 88' lang='lat' dir='ltr'>est</span> <span class='ocrx_word' id='word_1_207' title='bbox 1038 1052 1178 1087; x_wconf 83' lang='lat' dir='ltr'>inventa</span> <span class='ocrx_word' id='word_1_208' title='bbox 1194 1053 1434 1086; x_wconf 72' lang='lat' dir='ltr'>transmutatio</span> <span class='ocrx_word' id='word_1_209' title='bbox 1452 1050 1691 1089; x_wconf 88' lang='lat' dir='ltr'>metallorum,</span> <span class='ocrx_word' id='word_1_210' title='bbox 1709 1058 1748 1084; x_wconf 90' lang='lat' dir='ltr'>ut</span> <span class='ocrx_word' id='word_1_211' title='bbox 1760 1048 1893 1084; x_wconf 84' lang='lat' dir='ltr'>constat</span> <span class='ocrx_word' id='word_1_212' title='bbox 1906 1058 1949 1083; x_wconf 85' lang='lat' dir='ltr'>ex</span> 
     </span>
    </p>
   </div>
   <div class='ocr_carea' id='block_1_5' title="bbox 228 1101 968 1153">
    <p class='ocr_par' dir='ltr' id='par_1_5' title="bbox 228 1101 968 1153">
     <span class='ocr_line' id='line_1_18' title="bbox 228 1101 968 1153; baseline -0.007 -12"><span class='ocrx_word' id='word_1_213' title='bbox 228 1105 380 1153; x_wconf 82' lang='lat' dir='ltr'>probatis</span> <span class='ocrx_word' id='word_1_214' title='bbox 398 1103 565 1138; x_wconf 86' lang='lat' dir='ltr'>historicis</span> <span class='ocrx_word' id='word_1_215' title='bbox 575 1102 610 1138; x_wconf 71' lang='grc' dir='ltr'>δ(</span> <span class='ocrx_word' id='word_1_216' title='bbox 625 1101 782 1138; x_wconf 64' lang='grc' dir='ltr'>ειᾱόιιξῒίε</span> <span class='ocrx_word' id='word_1_217' title='bbox 793 1101 968 1149; x_wconf 86' lang='lat' dir='ltr'>exemplis.</span> 
     </span>
    </p>
   </div>
   <div class='ocr_carea' id='block_1_6' title="bbox 223 1213 1952 1894">
    <p class='ocr_par' dir='ltr' id='par_1_6' title="bbox 223 1213 1952 1894">
     <span class='ocr_line' id='line_1_19' title="bbox 329 1213 1950 1270; baseline -0.006 -14"><span class='ocrx_word' id='word_1_218' title='bbox 329 1224 463 1270; x_wconf 80' lang='lat' dir='ltr'>Argues</span> <span class='ocrx_word' id='word_1_219' title='bbox 480 1219 616 1268; x_wconf 83' lang='lat' dir='ltr'>quinto,</span> <span class='ocrx_word' id='word_1_220' title='bbox 667 1217 802 1252; x_wconf 86' lang='lat' dir='ltr'>Vivens</span> <span class='ocrx_word' id='word_1_221' title='bbox 818 1215 1010 1264; x_wconf 59' lang='lat' dir='ltr'>perfeetum</span> <span class='ocrx_word' id='word_1_222' title='bbox 1030 1224 1123 1252; x_wconf 78' lang='lat' dir='ltr'>extra</span> <span class='ocrx_word' id='word_1_223' title='bbox 1137 1216 1318 1252; x_wconf 85' lang='lat' dir='ltr'>matricem</span> <span class='ocrx_word' id='word_1_224' title='bbox 1330 1215 1450 1263; x_wconf 89' lang='lat' dir='ltr'>nequit</span> <span class='ocrx_word' id='word_1_225' title='bbox 1463 1214 1639 1264; x_wconf 80' lang='lat' dir='ltr'>generari,</span> <span class='ocrx_word' id='word_1_226' title='bbox 1657 1225 1741 1264; x_wconf 81' lang='lat' dir='ltr'>ergo</span> <span class='ocrx_word' id='word_1_227' title='bbox 1757 1213 1859 1249; x_wconf 89' lang='lat' dir='ltr'>etiam</span> <span class='ocrx_word' id='word_1_228' title='bbox 1875 1224 1950 1248; x_wconf 83' lang='lat' dir='ltr'>me·</span> 
     </span>
     <span class='ocr_line' id='line_1_20' title="bbox 223 1262 1950 1317; baseline -0.005 -13"><span class='ocrx_word' id='word_1_229' title='bbox 223 1267 343 1304; x_wconf 61' lang='lat' dir='ltr'>sallum</span> <span class='ocrx_word' id='word_1_230' title='bbox 356 1268 547 1317; x_wconf 62' lang='lat' dir='ltr'>perlefium</span> <span class='ocrx_word' id='word_1_231' title='bbox 558 1290 568 1307; x_wconf 80' lang='lat'>,</span> <span class='ocrx_word' id='word_1_232' title='bbox 579 1267 678 1315; x_wconf 87' lang='lat' dir='ltr'>quale</span> <span class='ocrx_word' id='word_1_233' title='bbox 696 1265 743 1301; x_wconf 89' lang='lat' dir='ltr'>est</span> <span class='ocrx_word' id='word_1_234' title='bbox 757 1277 897 1306; x_wconf 86' lang='lat' dir='ltr'>aurum,</span> <span class='ocrx_word' id='word_1_235' title='bbox 908 1265 1184 1313; x_wconf 85' lang='lat' dir='ltr'>nequitproduci</span> <span class='ocrx_word' id='word_1_236' title='bbox 1194 1275 1288 1300; x_wconf 80' lang='lat' dir='ltr'>extra</span> <span class='ocrx_word' id='word_1_237' title='bbox 1297 1266 1465 1300; x_wconf 83' lang='lat' dir='ltr'>mineram</span> <span class='ocrx_word' id='word_1_238' title='bbox 1476 1264 1667 1299; x_wconf 78' lang='lat' dir='ltr'>matricem.</span> <span class='ocrx_word' id='word_1_239' title='bbox 1719 1262 1950 1308; x_wconf 86' lang='lat' dir='ltr'>Respondeo,</span> 
     </span>
     <span class='ocr_line' id='line_1_21' title="bbox 223 1311 1952 1365; baseline -0.003 -15"><span class='ocrx_word' id='word_1_240' title='bbox 223 1318 347 1352; x_wconf 73' lang='lat' dir='ltr'>vivens</span> <span class='ocrx_word' id='word_1_241' title='bbox 358 1315 716 1365; x_wconf 71' lang='lat' dir='ltr'>iinperfe&amp;umpotess</span> <span class='ocrx_word' id='word_1_242' title='bbox 727 1326 769 1349; x_wconf 81' lang='lat' dir='ltr'>ex</span> <span class='ocrx_word' id='word_1_243' title='bbox 779 1325 987 1361; x_wconf 87' lang='lat' dir='ltr'>quacunque</span> <span class='ocrx_word' id='word_1_244' title='bbox 1003 1314 1143 1348; x_wconf 85' lang='lat' dir='ltr'>materia</span> <span class='ocrx_word' id='word_1_245' title='bbox 1153 1323 1245 1348; x_wconf 85' lang='lat' dir='ltr'>extra</span> <span class='ocrx_word' id='word_1_246' title='bbox 1261 1322 1400 1348; x_wconf 88' lang='lat' dir='ltr'>uterum</span> <span class='ocrx_word' id='word_1_247' title='bbox 1416 1312 1570 1361; x_wconf 82' lang='lat' dir='ltr'>generari</span> <span class='ocrx_word' id='word_1_248' title='bbox 1586 1334 1596 1352; x_wconf 90' lang='lat'>,</span> <span class='ocrx_word' id='word_1_249' title='bbox 1611 1323 1672 1346; x_wconf 90' lang='lat' dir='ltr'>cur</span> <span class='ocrx_word' id='word_1_250' title='bbox 1687 1322 1761 1346; x_wconf 89' lang='lat' dir='ltr'>non</span> <span class='ocrx_word' id='word_1_251' title='bbox 1776 1311 1812 1345; x_wconf 70' lang='grc' dir='ltr'>ὅ(</span> <span class='ocrx_word' id='word_1_252' title='bbox 1826 1322 1952 1345; x_wconf 74' lang='lat' dir='ltr'>aurumv</span> 
     </span>
     <span class='ocr_line' id='line_1_22' title="bbox 227 1359 1950 1414; baseline -0.003 -14"><span class='ocrx_word' id='word_1_253' title='bbox 227 1365 285 1400; x_wconf 91' lang='lat' dir='ltr'>illo</span> <span class='ocrx_word' id='word_1_254' title='bbox 304 1366 410 1414; x_wconf 68' lang='lat' dir='ltr'>longe</span> <span class='ocrx_word' id='word_1_255' title='bbox 427 1363 683 1413; x_wconf 58' lang='lat' dir='ltr'>imperfeffiusi</span> <span class='ocrx_word' id='word_1_256' title='bbox 701 1363 829 1397; x_wconf 87' lang='lat' dir='ltr'>deinde</span> <span class='ocrx_word' id='word_1_257' title='bbox 845 1362 1017 1406; x_wconf 84' lang='lat' dir='ltr'>disparitas</span> <span class='ocrx_word' id='word_1_258' title='bbox 1034 1361 1099 1401; x_wconf 85' lang='lat' dir='ltr'>est,</span> <span class='ocrx_word' id='word_1_259' title='bbox 1117 1362 1213 1408; x_wconf 84' lang='lat' dir='ltr'>quod</span> <span class='ocrx_word' id='word_1_260' title='bbox 1229 1362 1332 1408; x_wconf 87' lang='lat' dir='ltr'>primi</span> <span class='ocrx_word' id='word_1_261' title='bbox 1348 1373 1423 1396; x_wconf 86' lang='lat' dir='ltr'>non</span> <span class='ocrx_word' id='word_1_262' title='bbox 1440 1361 1605 1396; x_wconf 84' lang='lat' dir='ltr'>habeatur</span> <span class='ocrx_word' id='word_1_263' title='bbox 1621 1359 1855 1408; x_wconf 77' lang='lat' dir='ltr'>experientia3</span> <span class='ocrx_word' id='word_1_264' title='bbox 1873 1370 1950 1405; x_wconf 78' lang='lat' dir='ltr'>quae</span> 
     </span>
     <span class='ocr_line' id='line_1_23' title="bbox 228 1408 1946 1458; baseline -0.005 -9"><span class='ocrx_word' id='word_1_265' title='bbox 228 1415 376 1450; x_wconf 85' lang='lat' dir='ltr'>habetur</span> <span class='ocrx_word' id='word_1_266' title='bbox 385 1417 428 1449; x_wconf 89' lang='lat' dir='ltr'>de</span> <span class='ocrx_word' id='word_1_267' title='bbox 439 1414 610 1452; x_wconf 86' lang='lat' dir='ltr'>secundo,</span> <span class='ocrx_word' id='word_1_268' title='bbox 626 1422 663 1448; x_wconf 88' lang='lat' dir='ltr'>ut</span> <span class='ocrx_word' id='word_1_269' title='bbox 678 1423 720 1446; x_wconf 84' lang='lat' dir='ltr'>ex</span> <span class='ocrx_word' id='word_1_270' title='bbox 736 1411 842 1446; x_wconf 88' lang='lat' dir='ltr'>allatis</span> <span class='ocrx_word' id='word_1_271' title='bbox 856 1420 967 1458; x_wconf 89' lang='lat' dir='ltr'>patet,</span> <span class='ocrx_word' id='word_1_272' title='bbox 986 1411 1110 1458; x_wconf 76' lang='lat' dir='ltr'>quibus</span> <span class='ocrx_word' id='word_1_273' title='bbox 1121 1410 1293 1458; x_wconf 76' lang='lat' dir='ltr'>sequentia</span> <span class='ocrx_word' id='word_1_274' title='bbox 1311 1411 1343 1444; x_wconf 92' lang='lat' dir='ltr'>in</span> <span class='ocrx_word' id='word_1_275' title='bbox 1354 1408 1661 1445; x_wconf 79' lang='lat' dir='ltr'>confirmationem</span> <span class='ocrx_word' id='word_1_276' title='bbox 1676 1410 1776 1442; x_wconf 90' lang='lat' dir='ltr'>adde.</span> <span class='ocrx_word' id='word_1_277' title='bbox 1827 1408 1946 1442; x_wconf 86' lang='lat' dir='ltr'>Notus</span> 
     </span>
     <span class='ocr_line' id='line_1_24' title="bbox 230 1455 1946 1509; baseline -0.005 -11"><span class='ocrx_word' id='word_1_278' title='bbox 230 1462 277 1497; x_wconf 80' lang='lat' dir='ltr'>est</span> <span class='ocrx_word' id='word_1_279' title='bbox 294 1463 444 1502; x_wconf 87' lang='lat' dir='ltr'>libellus,</span> <span class='ocrx_word' id='word_1_280' title='bbox 460 1472 499 1497; x_wconf 90' lang='lat' dir='ltr'>ut</span> <span class='ocrx_word' id='word_1_281' title='bbox 509 1461 662 1509; x_wconf 76' lang='lat' dir='ltr'>inquire.</span> <span class='ocrx_word' id='word_1_282' title='bbox 674 1460 708 1493; x_wconf 81' lang='lat' dir='ltr'>de</span> <span class='ocrx_word' id='word_1_283' title='bbox 717 1459 826 1494; x_wconf 78' lang='lat' dir='ltr'>Rhodes</span> <span class='ocrx_word' id='word_1_284' title='bbox 834 1460 909 1497; x_wconf 54' lang='lat' dir='ltr'>Phia</span> <span class='ocrx_word' id='word_1_285' title='bbox 917 1463 1009 1505; x_wconf 68' lang='lat' dir='ltr'>Per-sp,</span> <span class='ocrx_word' id='word_1_286' title='bbox 1020 1461 1040 1496; x_wconf 81' lang='lat' dir='ltr'>l,</span> <span class='ocrx_word' id='word_1_287' title='bbox 1050 1472 1076 1493; x_wconf 83' lang='lat'>2.</span> <span class='ocrx_word' id='word_1_288' title='bbox 1084 1461 1162 1506; x_wconf 70' lang='lat' dir='ltr'>D1sp.</span> <span class='ocrx_word' id='word_1_289' title='bbox 1174 1473 1196 1493; x_wconf 74' lang='grc' dir='ltr'>ι.</span> <span class='ocrx_word' id='word_1_290' title='bbox 1211 1471 1239 1504; x_wconf 86' lang='lat' dir='ltr'>q.</span> <span class='ocrx_word' id='word_1_291' title='bbox 1248 1472 1275 1495; x_wconf 72' lang='grc' dir='ltr'>ε.</span> <span class='ocrx_word' id='word_1_292' title='bbox 1285 1459 1353 1502; x_wconf 52' lang='lat' dir='ltr'>fist.</span> <span class='ocrx_word' id='word_1_293' title='bbox 1359 1471 1386 1498; x_wconf 77' lang='lat'>5·</span> <span class='ocrx_word' id='word_1_294' title='bbox 1405 1458 1631 1504; x_wconf 88' lang='lat' dir='ltr'>superioribus</span> <span class='ocrx_word' id='word_1_295' title='bbox 1644 1456 1742 1492; x_wconf 85' lang='lat' dir='ltr'>annis</span> <span class='ocrx_word' id='word_1_296' title='bbox 1758 1455 1888 1494; x_wconf 85' lang='lat' dir='ltr'>editus,</span> <span class='ocrx_word' id='word_1_297' title='bbox 1907 1467 1946 1490; x_wconf 90' lang='lat' dir='ltr'>u-</span> 
     </span>
     <span class='ocr_line' id='line_1_25' title="bbox 226 1503 1947 1558; baseline -0.005 -12"><span class='ocrx_word' id='word_1_298' title='bbox 226 1511 262 1546; x_wconf 71' lang='lat' dir='ltr'>bi</span> <span class='ocrx_word' id='word_1_299' title='bbox 278 1511 436 1547; x_wconf 78' lang='lat' dir='ltr'>accurate</span> <span class='ocrx_word' id='word_1_300' title='bbox 454 1509 641 1558; x_wconf 85' lang='lat' dir='ltr'>disputatur</span> <span class='ocrx_word' id='word_1_301' title='bbox 657 1510 700 1544; x_wconf 92' lang='lat' dir='ltr'>de</span> <span class='ocrx_word' id='word_1_302' title='bbox 710 1520 815 1543; x_wconf 87' lang='lat' dir='ltr'>aureo</span> <span class='ocrx_word' id='word_1_303' title='bbox 831 1510 954 1548; x_wconf 81' lang='lat' dir='ltr'>dente,</span> <span class='ocrx_word' id='word_1_304' title='bbox 964 1507 1022 1555; x_wconf 86' lang='lat' dir='ltr'>qui</span> <span class='ocrx_word' id='word_1_305' title='bbox 1040 1508 1159 1554; x_wconf 83' lang='lat' dir='ltr'>sponte</span> <span class='ocrx_word' id='word_1_306' title='bbox 1176 1505 1387 1541; x_wconf 77' lang='lat' dir='ltr'>succreverat</span> <span class='ocrx_word' id='word_1_307' title='bbox 1396 1518 1478 1541; x_wconf 88' lang='lat' dir='ltr'>cum</span> <span class='ocrx_word' id='word_1_308' title='bbox 1491 1506 1562 1540; x_wconf 82' lang='lat' dir='ltr'>aliis</span> <span class='ocrx_word' id='word_1_309' title='bbox 1578 1505 1739 1540; x_wconf 82' lang='lat' dir='ltr'>dentibus</span> <span class='ocrx_word' id='word_1_310' title='bbox 1757 1504 1790 1538; x_wconf 90' lang='lat' dir='ltr'>in</span> <span class='ocrx_word' id='word_1_311' title='bbox 1806 1514 1868 1538; x_wconf 91' lang='lat' dir='ltr'>ore</span> <span class='ocrx_word' id='word_1_312' title='bbox 1882 1503 1947 1538; x_wconf 89' lang='lat' dir='ltr'>rni-</span> 
     </span>
     <span class='ocr_line' id='line_1_26' title="bbox 228 1550 1948 1607; baseline -0.003 -13"><span class='ocrx_word' id='word_1_313' title='bbox 228 1560 295 1595; x_wconf 84' lang='lat' dir='ltr'>litis</span> <span class='ocrx_word' id='word_1_314' title='bbox 306 1560 492 1607; x_wconf 79' lang='lat' dir='ltr'>I-lungariae</span> <span class='ocrx_word' id='word_1_315' title='bbox 511 1561 545 1594; x_wconf 89' lang='lat' dir='ltr'>in</span> <span class='ocrx_word' id='word_1_316' title='bbox 554 1557 665 1594; x_wconf 81' lang='lat' dir='ltr'>castris</span> <span class='ocrx_word' id='word_1_317' title='bbox 676 1557 913 1604; x_wconf 78' lang='lat' dir='ltr'>imperatoris,</span> <span class='ocrx_word' id='word_1_318' title='bbox 930 1557 1027 1599; x_wconf 87' lang='lat' dir='ltr'>quod</span> <span class='ocrx_word' id='word_1_319' title='bbox 1042 1567 1163 1590; x_wconf 83' lang='lat' dir='ltr'>aurum</span> <span class='ocrx_word' id='word_1_320' title='bbox 1179 1555 1337 1590; x_wconf 86' lang='lat' dir='ltr'>omnium</span> <span class='ocrx_word' id='word_1_321' title='bbox 1341 1552 1476 1601; x_wconf 85' lang='lat' dir='ltr'>judicio</span> <span class='ocrx_word' id='word_1_322' title='bbox 1485 1554 1592 1590; x_wconf 84' lang='lat' dir='ltr'>visum</span> <span class='ocrx_word' id='word_1_323' title='bbox 1608 1553 1654 1589; x_wconf 89' lang='lat' dir='ltr'>est</span> <span class='ocrx_word' id='word_1_324' title='bbox 1663 1550 1948 1600; x_wconf 84' lang='lat' dir='ltr'>probatiffimum.</span> 
     </span>
     <span class='ocr_line' id='line_1_27' title="bbox 229 1598 1948 1653; baseline -0.005 -11"><span class='ocrx_word' id='word_1_325' title='bbox 229 1608 348 1643; x_wconf 64' lang='lat' dir='ltr'>Rem-t</span> <span class='ocrx_word' id='word_1_326' title='bbox 360 1609 558 1644; x_wconf 74' lang='lat' dir='ltr'>Alexander</span> <span class='ocrx_word' id='word_1_327' title='bbox 573 1608 614 1642; x_wconf 87' lang='lat' dir='ltr'>ab</span> <span class='ocrx_word' id='word_1_328' title='bbox 622 1605 819 1642; x_wconf 79' lang='lat' dir='ltr'>Alexandro</span> <span class='ocrx_word' id='word_1_329' title='bbox 835 1605 892 1641; x_wconf 87' lang='lat' dir='ltr'>lib.</span> <span class='ocrx_word' id='word_1_330' title='bbox 906 1618 941 1652; x_wconf 87' lang='lat'>4.</span> <span class='ocrx_word' id='word_1_331' title='bbox 955 1603 1077 1653; x_wconf 77' lang='lat' dir='ltr'>genial.</span> <span class='ocrx_word' id='word_1_332' title='bbox 1095 1604 1230 1639; x_wconf 87' lang='lat' dir='ltr'>dierum</span> <span class='ocrx_word' id='word_1_333' title='bbox 1247 1604 1281 1637; x_wconf 87' lang='lat' dir='ltr'>in</span> <span class='ocrx_word' id='word_1_334' title='bbox 1293 1602 1481 1638; x_wconf 83' lang='lat' dir='ltr'>Germania</span> <span class='ocrx_word' id='word_1_335' title='bbox 1500 1602 1661 1638; x_wconf 87' lang='lat' dir='ltr'>citeriore</span> <span class='ocrx_word' id='word_1_336' title='bbox 1674 1601 1761 1636; x_wconf 88' lang='lat' dir='ltr'>vites</span> <span class='ocrx_word' id='word_1_337' title='bbox 1769 1598 1869 1647; x_wconf 78' lang='lat' dir='ltr'>juxta</span> <span class='ocrx_word' id='word_1_338' title='bbox 1878 1601 1948 1635; x_wconf 89' lang='lat' dir='ltr'>Da-</span> 
     </span>
     <span class='ocr_line' id='line_1_28' title="bbox 227 1648 1947 1703; baseline -0.005 -11"><span class='ocrx_word' id='word_1_339' title='bbox 227 1657 374 1692; x_wconf 87' lang='lat' dir='ltr'>nubium</span> <span class='ocrx_word' id='word_1_340' title='bbox 389 1658 462 1692; x_wconf 63' lang='lat' dir='ltr'>tota</span> <span class='ocrx_word' id='word_1_341' title='bbox 478 1657 604 1703; x_wconf 87' lang='lat' dir='ltr'>hyeme</span> <span class='ocrx_word' id='word_1_342' title='bbox 620 1665 717 1690; x_wconf 82' lang='lat' dir='ltr'>terrae</span> <span class='ocrx_word' id='word_1_343' title='bbox 733 1653 914 1700; x_wconf 84' lang='lat' dir='ltr'>insepultas</span> <span class='ocrx_word' id='word_1_344' title='bbox 929 1676 939 1693; x_wconf 85' lang='lat'>,</span> <span class='ocrx_word' id='word_1_345' title='bbox 963 1653 1046 1700; x_wconf 62' lang='lat' dir='ltr'>saepe</span> <span class='ocrx_word' id='word_1_346' title='bbox 1061 1652 1096 1687; x_wconf 89' lang='lat' dir='ltr'>in</span> <span class='ocrx_word' id='word_1_347' title='bbox 1113 1651 1223 1687; x_wconf 75' lang='lat' dir='ltr'>ttstate</span> <span class='ocrx_word' id='word_1_348' title='bbox 1239 1651 1420 1699; x_wconf 87' lang='lat' dir='ltr'>capreolos</span> <span class='ocrx_word' id='word_1_349' title='bbox 1433 1662 1556 1686; x_wconf 86' lang='lat' dir='ltr'>aureos</span> <span class='ocrx_word' id='word_1_350' title='bbox 1572 1650 1608 1686; x_wconf 84' lang='lat'>&amp;</span> <span class='ocrx_word' id='word_1_351' title='bbox 1624 1650 1806 1697; x_wconf 85' lang='lat' dir='ltr'>pampinos</span> <span class='ocrx_word' id='word_1_352' title='bbox 1818 1648 1947 1697; x_wconf 84' lang='lat' dir='ltr'>germi-</span> 
     </span>
     <span class='ocr_line' id='line_1_29' title="bbox 228 1698 1945 1751; baseline -0.005 -12"><span class='ocrx_word' id='word_1_353' title='bbox 228 1717 320 1743; x_wconf 84' lang='lat' dir='ltr'>nare.</span> <span class='ocrx_word' id='word_1_354' title='bbox 373 1704 483 1740; x_wconf 69' lang='lat' dir='ltr'>Causa</span> <span class='ocrx_word' id='word_1_355' title='bbox 497 1702 600 1751; x_wconf 89' lang='lat' dir='ltr'>hujus</span> <span class='ocrx_word' id='word_1_356' title='bbox 619 1702 731 1742; x_wconf 82' lang='lat' dir='ltr'>addit,</span> <span class='ocrx_word' id='word_1_357' title='bbox 749 1703 831 1737; x_wconf 79' lang='lat' dir='ltr'>cum</span> <span class='ocrx_word' id='word_1_358' title='bbox 845 1702 890 1737; x_wconf 90' lang='lat' dir='ltr'>ibi</span> <span class='ocrx_word' id='word_1_359' title='bbox 906 1701 1017 1749; x_wconf 81' lang='lat' dir='ltr'>inquit</span> <span class='ocrx_word' id='word_1_360' title='bbox 1025 1701 1095 1735; x_wconf 87' lang='lat' dir='ltr'>auri</span> <span class='ocrx_word' id='word_1_361' title='bbox 1109 1701 1235 1736; x_wconf 83' lang='lat' dir='ltr'>fodinae</span> <span class='ocrx_word' id='word_1_362' title='bbox 1250 1699 1328 1740; x_wconf 83' lang='lat' dir='ltr'>fint,</span> <span class='ocrx_word' id='word_1_363' title='bbox 1340 1698 1454 1735; x_wconf 80' lang='lat' dir='ltr'>subtus</span> <span class='ocrx_word' id='word_1_364' title='bbox 1462 1698 1696 1735; x_wconf 85' lang='lat' dir='ltr'>coalescerein</span> <span class='ocrx_word' id='word_1_365' title='bbox 1704 1698 1875 1733; x_wconf 89' lang='lat' dir='ltr'>radicibus</span> <span class='ocrx_word' id='word_1_366' title='bbox 1885 1709 1945 1731; x_wconf 88' lang='lat' dir='ltr'>au-</span> 
     </span>
     <span class='ocr_line' id='line_1_30' title="bbox 228 1745 1947 1801; baseline -0.005 -13"><span class='ocrx_word' id='word_1_367' title='bbox 228 1765 323 1790; x_wconf 75' lang='lat' dir='ltr'>rum,</span> <span class='ocrx_word' id='word_1_368' title='bbox 342 1753 378 1789; x_wconf 72' lang='lat' dir='ltr'>&lt;St</span> <span class='ocrx_word' id='word_1_369' title='bbox 395 1766 463 1789; x_wconf 88' lang='lat' dir='ltr'>una</span> <span class='ocrx_word' id='word_1_370' title='bbox 478 1753 692 1801; x_wconf 84' lang='lat' dir='ltr'>ingenitum,</span> <span class='ocrx_word' id='word_1_371' title='bbox 708 1763 747 1787; x_wconf 88' lang='lat' dir='ltr'>ac</span> <span class='ocrx_word' id='word_1_372' title='bbox 763 1749 1014 1786; x_wconf 85' lang='lat' dir='ltr'>condensatum</span> <span class='ocrx_word' id='word_1_373' title='bbox 1034 1748 1171 1785; x_wconf 88' lang='lat' dir='ltr'>occulta</span> <span class='ocrx_word' id='word_1_374' title='bbox 1179 1748 1329 1797; x_wconf 82' lang='lat' dir='ltr'>origine,</span> <span class='ocrx_word' id='word_1_375' title='bbox 1339 1749 1423 1783; x_wconf 88' lang='lat' dir='ltr'>dum</span> <span class='ocrx_word' id='word_1_376' title='bbox 1432 1747 1759 1797; x_wconf 84' lang='lat' dir='ltr'>germinaemittunt</span> <span class='ocrx_word' id='word_1_377' title='bbox 1773 1745 1947 1784; x_wconf 81' lang='lat' dir='ltr'>vites-,mi-</span> 
     </span>
     <span class='ocr_line' id='line_1_31' title="bbox 228 1793 1947 1843; baseline -0.003 -7"><span class='ocrx_word' id='word_1_378' title='bbox 228 1802 322 1837; x_wconf 84' lang='lat' dir='ltr'>rabili</span> <span class='ocrx_word' id='word_1_379' title='bbox 349 1812 476 1837; x_wconf 80' lang='lat' dir='ltr'>naturae</span> <span class='ocrx_word' id='word_1_380' title='bbox 503 1801 691 1838; x_wconf 83' lang='lat' dir='ltr'>constituto</span> <span class='ocrx_word' id='word_1_381' title='bbox 709 1822 720 1839; x_wconf 86' lang='lat'>,</span> <span class='ocrx_word' id='word_1_382' title='bbox 745 1808 804 1834; x_wconf 79' lang='lat' dir='ltr'>aut</span> <span class='ocrx_word' id='word_1_383' title='bbox 829 1800 976 1834; x_wconf 90' lang='lat' dir='ltr'>decreto</span> <span class='ocrx_word' id='word_1_384' title='bbox 1003 1797 1173 1833; x_wconf 85' lang='lat' dir='ltr'>stellarum</span> <span class='ocrx_word' id='word_1_385' title='bbox 1188 1819 1199 1837; x_wconf 92' lang='lat'>,</span> <span class='ocrx_word' id='word_1_386' title='bbox 1223 1808 1345 1832; x_wconf 83' lang='lat' dir='ltr'>aurum</span> <span class='ocrx_word' id='word_1_387' title='bbox 1371 1796 1467 1832; x_wconf 80' lang='lat' dir='ltr'>simul</span> <span class='ocrx_word' id='word_1_388' title='bbox 1494 1806 1686 1843; x_wconf 85' lang='lat' dir='ltr'>erumpere.</span> <span class='ocrx_word' id='word_1_389' title='bbox 1759 1794 1885 1830; x_wconf 84' lang='lat' dir='ltr'>Narrat</span> <span class='ocrx_word' id='word_1_390' title='bbox 1909 1793 1947 1830; x_wconf 84' lang='lat'>&amp;</span> 
     </span>
     <span class='ocr_line' id='line_1_32' title="bbox 226 1842 1947 1894; baseline -0.003 -10"><span class='ocrx_word' id='word_1_391' title='bbox 226 1850 428 1886; x_wconf 80' lang='lat' dir='ltr'>Aristoteles</span> <span class='ocrx_word' id='word_1_392' title='bbox 453 1849 503 1885; x_wconf 77' lang='lat' dir='ltr'>lib.</span> <span class='ocrx_word' id='word_1_393' title='bbox 528 1849 563 1884; x_wconf 80' lang='lat' dir='ltr'>de</span> <span class='ocrx_word' id='word_1_394' title='bbox 587 1847 774 1883; x_wconf 74' lang='lat' dir='ltr'>admirandis</span> <span class='ocrx_word' id='word_1_395' title='bbox 800 1845 1000 1882; x_wconf 55' lang='lat' dir='ltr'>auduionibm</span> <span class='ocrx_word' id='word_1_396' title='bbox 1020 1869 1031 1888; x_wconf 94' lang='lat'>,</span> <span class='ocrx_word' id='word_1_397' title='bbox 1057 1845 1181 1881; x_wconf 86' lang='lat' dir='ltr'>alicubi</span> <span class='ocrx_word' id='word_1_398' title='bbox 1204 1856 1249 1881; x_wconf 85' lang='lat' dir='ltr'>aes</span> <span class='ocrx_word' id='word_1_399' title='bbox 1266 1845 1436 1894; x_wconf 88' lang='lat' dir='ltr'>Cyprium</span> <span class='ocrx_word' id='word_1_400' title='bbox 1461 1845 1504 1881; x_wconf 84' lang='lat' dir='ltr'>ab</span> <span class='ocrx_word' id='word_1_401' title='bbox 1529 1843 1688 1893; x_wconf 83' lang='lat' dir='ltr'>agricolis</span> <span class='ocrx_word' id='word_1_402' title='bbox 1704 1842 1885 1884; x_wconf 87' lang='lat' dir='ltr'>seminari,</span> <span class='ocrx_word' id='word_1_403' title='bbox 1908 1842 1947 1879; x_wconf 83' lang='lat'>&amp;</span> 
     </span>
    </p>
   </div>
   <div class='ocr_carea' id='block_1_7' title="bbox 225 1899 1485 1937">
    <p class='ocr_par' dir='ltr' id='par_1_7' title="bbox 225 1899 1485 1937">
     <span class='ocr_line' id='line_1_33' title="bbox 225 1899 1485 1937; baseline -0.015 -3"><span class='ocrx_word' id='word_1_404' title='bbox 225 1899 322 1937; x_wconf 83' lang='lat' dir='ltr'>meti.</span> <span class='ocrx_word' id='word_1_405' title='bbox 1480 1914 1485 1915; x_wconf 23' lang='lat'><em>⁷</em></span> 
     </span>
    </p>
   </div>
   <div class='ocr_carea' id='block_1_8' title="bbox 225 2007 1946 2591">
    <p class='ocr_par' dir='ltr' id='par_1_8' title="bbox 225 2007 1946 2591">
     <span class='ocr_line' id='line_1_34' title="bbox 324 2007 1946 2063; baseline -0.004 -13"><span class='ocrx_word' id='word_1_406' title='bbox 324 2018 459 2063; x_wconf 75' lang='lat' dir='ltr'>Argues</span> <span class='ocrx_word' id='word_1_407' title='bbox 475 2014 626 2060; x_wconf 87' lang='lat' dir='ltr'>denique</span> <span class='ocrx_word' id='word_1_408' title='bbox 644 2013 749 2049; x_wconf 80' lang='lat' dir='ltr'>sexto.</span> <span class='ocrx_word' id='word_1_409' title='bbox 803 2011 1030 2060; x_wconf 85' lang='lat' dir='ltr'>Alchymistas</span> <span class='ocrx_word' id='word_1_410' title='bbox 1047 2010 1163 2059; x_wconf 81' lang='lat' dir='ltr'>saepius</span> <span class='ocrx_word' id='word_1_411' title='bbox 1180 2010 1216 2045; x_wconf 90' lang='lat' dir='ltr'>in</span> <span class='ocrx_word' id='word_1_412' title='bbox 1231 2009 1416 2045; x_wconf 84' lang='lat' dir='ltr'>manifestis</span> <span class='ocrx_word' id='word_1_413' title='bbox 1431 2007 1626 2058; x_wconf 87' lang='lat' dir='ltr'>imposturis</span> <span class='ocrx_word' id='word_1_414' title='bbox 1639 2007 1735 2045; x_wconf 79' lang='lat' dir='ltr'>fuiffe</span> <span class='ocrx_word' id='word_1_415' title='bbox 1752 2008 1946 2055; x_wconf 79' lang='lat' dir='ltr'>deprehen-</span> 
     </span>
     <span class='ocr_line' id='line_1_35' title="bbox 226 2053 1945 2109; baseline -0.005 -10"><span class='ocrx_word' id='word_1_416' title='bbox 226 2064 291 2099; x_wconf 81' lang='lat' dir='ltr'>sos.</span> <span class='ocrx_word' id='word_1_417' title='bbox 345 2065 432 2098; x_wconf 82' lang='lat' dir='ltr'>Item</span> <span class='ocrx_word' id='word_1_418' title='bbox 452 2064 522 2098; x_wconf 73' lang='lat' dir='ltr'>sere</span> <span class='ocrx_word' id='word_1_419' title='bbox 541 2063 672 2109; x_wconf 83' lang='lat' dir='ltr'>semper</span> <span class='ocrx_word' id='word_1_420' title='bbox 686 2062 888 2097; x_wconf 89' lang='lat' dir='ltr'>mendicum</span> <span class='ocrx_word' id='word_1_421' title='bbox 898 2060 1025 2096; x_wconf 78' lang='lat' dir='ltr'>csthoc</span> <span class='ocrx_word' id='word_1_422' title='bbox 1042 2059 1228 2094; x_wconf 88' lang='lat' dir='ltr'>hominum</span> <span class='ocrx_word' id='word_1_423' title='bbox 1238 2069 1358 2107; x_wconf 64' lang='lat' dir='ltr'>genus.</span> <span class='ocrx_word' id='word_1_424' title='bbox 1385 2058 1533 2094; x_wconf 86' lang='lat' dir='ltr'>Constat</span> <span class='ocrx_word' id='word_1_425' title='bbox 1548 2057 1650 2094; x_wconf 79' lang='lat' dir='ltr'>eriam</span> <span class='ocrx_word' id='word_1_426' title='bbox 1668 2053 1945 2105; x_wconf 85' lang='lat' dir='ltr'>opulentiffimos</span> 
     </span>
     <span class='ocr_line' id='line_1_36' title="bbox 226 2105 1943 2157; baseline -0.005 -10"><span class='ocrx_word' id='word_1_427' title='bbox 226 2113 349 2152; x_wconf 82' lang='lat' dir='ltr'>etiam,</span> <span class='ocrx_word' id='word_1_428' title='bbox 367 2113 431 2146; x_wconf 85' lang='lat' dir='ltr'>hac</span> <span class='ocrx_word' id='word_1_429' title='bbox 442 2122 513 2146; x_wconf 88' lang='lat' dir='ltr'>arte</span> <span class='ocrx_word' id='word_1_430' title='bbox 530 2112 573 2145; x_wconf 81' lang='lat' dir='ltr'>ad</span> <span class='ocrx_word' id='word_1_431' title='bbox 589 2108 737 2157; x_wconf 85' lang='lat' dir='ltr'>majores</span> <span class='ocrx_word' id='word_1_432' title='bbox 753 2110 886 2145; x_wconf 81' lang='lat' dir='ltr'>divitias</span> <span class='ocrx_word' id='word_1_433' title='bbox 900 2108 1120 2147; x_wconf 83' lang='lat' dir='ltr'>anhelantes,</span> <span class='ocrx_word' id='word_1_434' title='bbox 1137 2109 1225 2142; x_wconf 85' lang='lat' dir='ltr'>bene</span> <span class='ocrx_word' id='word_1_435' title='bbox 1239 2117 1332 2154; x_wconf 82' lang='lat' dir='ltr'>parta</span> <span class='ocrx_word' id='word_1_436' title='bbox 1345 2107 1553 2156; x_wconf 76' lang='lat' dir='ltr'>prodegiffe,</span> <span class='ocrx_word' id='word_1_437' title='bbox 1569 2106 1605 2142; x_wconf 78' lang='grc' dir='ltr'>ὅ(</span> <span class='ocrx_word' id='word_1_438' title='bbox 1618 2108 1661 2142; x_wconf 85' lang='lat' dir='ltr'>ad</span> <span class='ocrx_word' id='word_1_439' title='bbox 1674 2105 1874 2153; x_wconf 87' lang='lat' dir='ltr'>pauperiem</span> <span class='ocrx_word' id='word_1_440' title='bbox 1891 2105 1943 2140; x_wconf 87' lang='lat' dir='ltr'>re-</span> 
     </span>
     <span class='ocr_line' id='line_1_37' title="bbox 229 2152 1944 2206; baseline -0.005 -10"><span class='ocrx_word' id='word_1_441' title='bbox 229 2161 348 2197; x_wconf 57' lang='lat' dir='ltr'>dactos</span> <span class='ocrx_word' id='word_1_442' title='bbox 358 2160 435 2195; x_wconf 83' lang='lat' dir='ltr'>effe.</span> <span class='ocrx_word' id='word_1_443' title='bbox 488 2160 696 2206; x_wconf 77' lang='lat' dir='ltr'>Respondeo</span> <span class='ocrx_word' id='word_1_444' title='bbox 706 2181 716 2198; x_wconf 90' lang='lat'>,</span> <span class='ocrx_word' id='word_1_445' title='bbox 732 2170 789 2193; x_wconf 91' lang='lat' dir='ltr'>me</span> <span class='ocrx_word' id='word_1_446' title='bbox 805 2158 896 2193; x_wconf 88' lang='lat' dir='ltr'>ultro</span> <span class='ocrx_word' id='word_1_447' title='bbox 908 2157 1004 2192; x_wconf 63' lang='lat' dir='ltr'>fateri</span> <span class='ocrx_word' id='word_1_448' title='bbox 1014 2179 1024 2196; x_wconf 91' lang='lat'>,</span> <span class='ocrx_word' id='word_1_449' title='bbox 1038 2168 1111 2191; x_wconf 90' lang='lat' dir='ltr'>non</span> <span class='ocrx_word' id='word_1_450' title='bbox 1121 2167 1251 2204; x_wconf 86' lang='lat' dir='ltr'>paucos</span> <span class='ocrx_word' id='word_1_451' title='bbox 1266 2155 1300 2190; x_wconf 89' lang='lat' dir='ltr'>in</span> <span class='ocrx_word' id='word_1_452' title='bbox 1311 2157 1374 2190; x_wconf 77' lang='lat' dir='ltr'>hae</span> <span class='ocrx_word' id='word_1_453' title='bbox 1383 2165 1454 2190; x_wconf 87' lang='lat' dir='ltr'>arte</span> <span class='ocrx_word' id='word_1_454' title='bbox 1469 2156 1513 2190; x_wconf 92' lang='lat' dir='ltr'>im</span> <span class='ocrx_word' id='word_1_455' title='bbox 1520 2153 1792 2202; x_wconf 72' lang='lat' dir='ltr'>postoressuiffe,</span> <span class='ocrx_word' id='word_1_456' title='bbox 1808 2152 1864 2188; x_wconf 89' lang='lat' dir='ltr'>sed</span> <span class='ocrx_word' id='word_1_457' title='bbox 1872 2153 1944 2188; x_wconf 90' lang='lat' dir='ltr'>boc</span> 
     </span>
     <span class='ocr_line' id='line_1_38' title="bbox 227 2202 1943 2255; baseline -0.005 -10"><span class='ocrx_word' id='word_1_458' title='bbox 227 2222 302 2245; x_wconf 83' lang='lat' dir='ltr'>non</span> <span class='ocrx_word' id='word_1_459' title='bbox 318 2209 463 2248; x_wconf 77' lang='lat' dir='ltr'>evincit,</span> <span class='ocrx_word' id='word_1_460' title='bbox 479 2208 658 2255; x_wconf 79' lang='lat' dir='ltr'>chymicos</span> <span class='ocrx_word' id='word_1_461' title='bbox 673 2218 797 2242; x_wconf 91' lang='lat' dir='ltr'>omnes</span> <span class='ocrx_word' id='word_1_462' title='bbox 814 2205 880 2241; x_wconf 74' lang='lat' dir='ltr'>ess&#39;e</span> <span class='ocrx_word' id='word_1_463' title='bbox 894 2207 1054 2241; x_wconf 87' lang='lat' dir='ltr'>fraudum</span> <span class='ocrx_word' id='word_1_464' title='bbox 1069 2204 1105 2240; x_wconf 74' lang='grc' dir='ltr'>ὅ(</span> <span class='ocrx_word' id='word_1_465' title='bbox 1118 2204 1382 2240; x_wconf 84' lang='lat' dir='ltr'>mendaciorum</span> <span class='ocrx_word' id='word_1_466' title='bbox 1397 2204 1627 2239; x_wconf 61' lang='lat' dir='ltr'>fabricatores.</span> <span class='ocrx_word' id='word_1_467' title='bbox 1676 2202 1799 2237; x_wconf 65' lang='lat' dir='ltr'>fateor</span> <span class='ocrx_word' id='word_1_468' title='bbox 1816 2202 1943 2248; x_wconf 87' lang='lat' dir='ltr'>pariter</span> 
     </span>
     <span class='ocr_line' id='line_1_39' title="bbox 229 2249 1942 2302; baseline -0.004 -9"><span class='ocrx_word' id='word_1_469' title='bbox 229 2257 467 2294; x_wconf 86' lang='lat' dir='ltr'>difficillimam</span> <span class='ocrx_word' id='word_1_470' title='bbox 480 2258 572 2291; x_wconf 85' lang='lat' dir='ltr'>hanc</span> <span class='ocrx_word' id='word_1_471' title='bbox 586 2254 651 2291; x_wconf 81' lang='lat' dir='ltr'>effe</span> <span class='ocrx_word' id='word_1_472' title='bbox 666 2266 774 2290; x_wconf 85' lang='lat' dir='ltr'>artem</span> <span class='ocrx_word' id='word_1_473' title='bbox 791 2252 1068 2302; x_wconf 71' lang='lat' dir='ltr'>paucissimisque</span> <span class='ocrx_word' id='word_1_474' title='bbox 1082 2251 1248 2288; x_wconf 65' lang='lat' dir='ltr'>haetenus</span> <span class='ocrx_word' id='word_1_475' title='bbox 1260 2253 1454 2301; x_wconf 74' lang='lat' dir='ltr'>cognitam,</span> <span class='ocrx_word' id='word_1_476' title='bbox 1470 2254 1565 2287; x_wconf 83' lang='lat' dir='ltr'>unde</span> <span class='ocrx_word' id='word_1_477' title='bbox 1578 2251 1613 2286; x_wconf 62' lang='grc' dir='ltr'>ἃ</span> <span class='ocrx_word' id='word_1_478' title='bbox 1627 2262 1745 2286; x_wconf 90' lang='lat' dir='ltr'>meum</span> <span class='ocrx_word' id='word_1_479' title='bbox 1761 2249 1942 2286; x_wconf 82' lang='lat' dir='ltr'>confilium</span> 
     </span>
     <span class='ocr_line' id='line_1_40' title="bbox 229 2299 1941 2352; baseline -0.006 -10"><span class='ocrx_word' id='word_1_480' title='bbox 229 2306 298 2342; x_wconf 82' lang='lat' dir='ltr'>est:</span> <span class='ocrx_word' id='word_1_481' title='bbox 316 2303 590 2352; x_wconf 79' lang='lat' dir='ltr'>Chrysopoejam</span> <span class='ocrx_word' id='word_1_482' title='bbox 599 2303 803 2352; x_wconf 81' lang='lat' dir='ltr'>speculative</span> <span class='ocrx_word' id='word_1_483' title='bbox 821 2304 893 2338; x_wconf 77' lang='lat' dir='ltr'>sors</span> <span class='ocrx_word' id='word_1_484' title='bbox 909 2314 1043 2341; x_wconf 81' lang='lat' dir='ltr'>veram,</span> <span class='ocrx_word' id='word_1_485' title='bbox 1059 2301 1202 2336; x_wconf 77' lang='lat' dir='ltr'>minime</span> <span class='ocrx_word' id='word_1_486' title='bbox 1217 2310 1333 2335; x_wconf 81' lang='lat' dir='ltr'>tamen</span> <span class='ocrx_word' id='word_1_487' title='bbox 1349 2301 1384 2335; x_wconf 88' lang='lat' dir='ltr'>in</span> <span class='ocrx_word' id='word_1_488' title='bbox 1398 2301 1527 2348; x_wconf 81' lang='lat' dir='ltr'>praxim</span> <span class='ocrx_word' id='word_1_489' title='bbox 1543 2299 1786 2335; x_wconf 82' lang='lat' dir='ltr'>deducendam</span> <span class='ocrx_word' id='word_1_490' title='bbox 1801 2299 1847 2333; x_wconf 89' lang='lat' dir='ltr'>ob</span> <span class='ocrx_word' id='word_1_491' title='bbox 1857 2308 1941 2344; x_wconf 82' lang='lat' dir='ltr'>prae-</span> 
     </span>
     <span class='ocr_line' id='line_1_41' title="bbox 229 2347 1942 2399; baseline -0.005 -10"><span class='ocrx_word' id='word_1_492' title='bbox 229 2354 318 2390; x_wconf 70' lang='lat' dir='ltr'>di&amp;a</span> <span class='ocrx_word' id='word_1_493' title='bbox 334 2355 571 2393; x_wconf 81' lang='lat' dir='ltr'>incommoda,</span> <span class='ocrx_word' id='word_1_494' title='bbox 581 2352 817 2388; x_wconf 87' lang='lat' dir='ltr'>communiter</span> <span class='ocrx_word' id='word_1_495' title='bbox 831 2351 1081 2399; x_wconf 81' lang='lat' dir='ltr'>promanantia.</span> <span class='ocrx_word' id='word_1_496' title='bbox 1139 2349 1260 2396; x_wconf 85' lang='lat' dir='ltr'>Quare</span> <span class='ocrx_word' id='word_1_497' title='bbox 1279 2360 1402 2384; x_wconf 83' lang='lat' dir='ltr'>eorum</span> <span class='ocrx_word' id='word_1_498' title='bbox 1415 2348 1612 2396; x_wconf 86' lang='lat' dir='ltr'>Principum</span> <span class='ocrx_word' id='word_1_499' title='bbox 1629 2347 1824 2395; x_wconf 79' lang='lat' dir='ltr'>sapientiam</span> <span class='ocrx_word' id='word_1_500' title='bbox 1843 2357 1942 2381; x_wconf 83' lang='lat' dir='ltr'>com-</span> 
     </span>
     <span class='ocr_line' id='line_1_42' title="bbox 225 2394 1941 2450; baseline -0.005 -12"><span class='ocrx_word' id='word_1_501' title='bbox 225 2404 394 2439; x_wconf 82' lang='lat' dir='ltr'>mendare</span> <span class='ocrx_word' id='word_1_502' title='bbox 403 2411 544 2450; x_wconf 86' lang='lat' dir='ltr'>oportet</span> <span class='ocrx_word' id='word_1_503' title='bbox 559 2424 570 2440; x_wconf 91' lang='lat'>,</span> <span class='ocrx_word' id='word_1_504' title='bbox 588 2402 647 2444; x_wconf 81' lang='lat' dir='ltr'>qui</span> <span class='ocrx_word' id='word_1_505' title='bbox 664 2401 815 2435; x_wconf 86' lang='lat' dir='ltr'>subditos</span> <span class='ocrx_word' id='word_1_506' title='bbox 830 2400 907 2434; x_wconf 86' lang='lat' dir='ltr'>suos</span> <span class='ocrx_word' id='word_1_507' title='bbox 924 2400 965 2434; x_wconf 79' lang='lat' dir='ltr'>ab</span> <span class='ocrx_word' id='word_1_508' title='bbox 976 2397 1177 2444; x_wconf 78' lang='lat' dir='ltr'>hujusmodi</span> <span class='ocrx_word' id='word_1_509' title='bbox 1187 2398 1314 2432; x_wconf 82' lang='lat' dir='ltr'>artibus</span> <span class='ocrx_word' id='word_1_510' title='bbox 1324 2397 1408 2432; x_wconf 81' lang='lat' dir='ltr'>serio</span> <span class='ocrx_word' id='word_1_511' title='bbox 1417 2406 1565 2431; x_wconf 86' lang='lat' dir='ltr'>avocant</span> <span class='ocrx_word' id='word_1_512' title='bbox 1577 2419 1588 2438; x_wconf 98' lang='lat'>,</span> <span class='ocrx_word' id='word_1_513' title='bbox 1601 2394 1941 2444; x_wconf 58' lang='lat' dir='ltr'>prudenterrathve-</span> 
     </span>
     <span class='ocr_line' id='line_1_43' title="bbox 226 2441 1943 2497; baseline -0.006 -11"><span class='ocrx_word' id='word_1_514' title='bbox 226 2464 299 2486; x_wconf 87' lang='lat' dir='ltr'>ram</span> <span class='ocrx_word' id='word_1_515' title='bbox 317 2462 424 2486; x_wconf 84' lang='lat' dir='ltr'>artem</span> <span class='ocrx_word' id='word_1_516' title='bbox 442 2450 573 2485; x_wconf 87' lang='lat' dir='ltr'>ditandi</span> <span class='ocrx_word' id='word_1_517' title='bbox 581 2451 681 2485; x_wconf 86' lang='lat' dir='ltr'>urbes</span> <span class='ocrx_word' id='word_1_518' title='bbox 697 2450 732 2484; x_wconf 69' lang='grc' dir='ltr'>ὅ(</span> <span class='ocrx_word' id='word_1_519' title='bbox 741 2448 936 2497; x_wconf 83' lang='lat' dir='ltr'>provincias</span> <span class='ocrx_word' id='word_1_520' title='bbox 947 2447 1012 2481; x_wconf 83' lang='lat' dir='ltr'>csse</span> <span class='ocrx_word' id='word_1_521' title='bbox 1021 2447 1175 2481; x_wconf 85' lang='lat' dir='ltr'>laborem</span> <span class='ocrx_word' id='word_1_522' title='bbox 1185 2446 1219 2481; x_wconf 82' lang='lat'>&amp;</span> <span class='ocrx_word' id='word_1_523' title='bbox 1230 2445 1427 2480; x_wconf 79' lang='lat' dir='ltr'>industriam</span> <span class='ocrx_word' id='word_1_524' title='bbox 1436 2445 1576 2482; x_wconf 89' lang='lat' dir='ltr'>civium.</span> <span class='ocrx_word' id='word_1_525' title='bbox 1627 2443 1821 2491; x_wconf 85' lang='lat' dir='ltr'>Chymicus</span> <span class='ocrx_word' id='word_1_526' title='bbox 1830 2441 1943 2477; x_wconf 85' lang='lat' dir='ltr'>excel-</span> 
     </span>
     <span class='ocr_line' id='line_1_44' title="bbox 227 2490 1940 2545; baseline -0.006 -10"><span class='ocrx_word' id='word_1_527' title='bbox 227 2500 302 2534; x_wconf 88' lang='lat' dir='ltr'>lens</span> <span class='ocrx_word' id='word_1_528' title='bbox 311 2500 466 2534; x_wconf 87' lang='lat' dir='ltr'>Penotus</span> <span class='ocrx_word' id='word_1_529' title='bbox 485 2509 573 2538; x_wconf 83' lang='lat' dir='ltr'>erat,</span> <span class='ocrx_word' id='word_1_530' title='bbox 587 2498 690 2545; x_wconf 73' lang='lat' dir='ltr'>quam</span> <span class='ocrx_word' id='word_1_531' title='bbox 709 2497 829 2532; x_wconf 80' lang='lat' dir='ltr'>misere</span> <span class='ocrx_word' id='word_1_532' title='bbox 844 2497 878 2531; x_wconf 89' lang='lat' dir='ltr'>in</span> <span class='ocrx_word' id='word_1_533' title='bbox 888 2507 1044 2531; x_wconf 68' lang='lat' dir='ltr'>excrcmo</span> <span class='ocrx_word' id='word_1_534' title='bbox 1055 2494 1132 2529; x_wconf 77' lang='lat' dir='ltr'>suos</span> <span class='ocrx_word' id='word_1_535' title='bbox 1148 2505 1254 2529; x_wconf 85' lang='lat' dir='ltr'>canos</span> <span class='ocrx_word' id='word_1_536' title='bbox 1265 2493 1460 2540; x_wconf 88' lang='lat' dir='ltr'>deposuerit</span> <span class='ocrx_word' id='word_1_537' title='bbox 1469 2492 1562 2527; x_wconf 90' lang='lat' dir='ltr'>senio</span> <span class='ocrx_word' id='word_1_538' title='bbox 1572 2515 1582 2533; x_wconf 87' lang='lat'>,</span> <span class='ocrx_word' id='word_1_539' title='bbox 1592 2502 1716 2527; x_wconf 90' lang='lat' dir='ltr'>notum</span> <span class='ocrx_word' id='word_1_540' title='bbox 1726 2490 1855 2535; x_wconf 69' lang='lat' dir='ltr'>doffis3</span> <span class='ocrx_word' id='word_1_541' title='bbox 1869 2501 1940 2526; x_wconf 82' lang='lat' dir='ltr'>vox</span> 
     </span>
     <span class='ocr_line' id='line_1_45' title="bbox 227 2540 1940 2591; baseline -0.006 -8"><span class='ocrx_word' id='word_1_542' title='bbox 227 2548 315 2583; x_wconf 87' lang='lat' dir='ltr'>illius</span> <span class='ocrx_word' id='word_1_543' title='bbox 332 2548 410 2583; x_wconf 74' lang='lat' dir='ltr'>fuit:</span> <span class='ocrx_word' id='word_1_544' title='bbox 424 2549 494 2591; x_wconf 77' lang='lat' dir='ltr'>Seli</span> <span class='ocrx_word' id='word_1_545' title='bbox 503 2549 597 2580; x_wconf 71' lang='lat' dir='ltr'>aliem·</span> <span class='ocrx_word' id='word_1_546' title='bbox 608 2548 721 2580; x_wconf 77' lang='lat' dir='ltr'>malum</span> <span class='ocrx_word' id='word_1_547' title='bbox 734 2547 834 2584; x_wconf 78' lang='lat' dir='ltr'>vellet,</span> <span class='ocrx_word' id='word_1_548' title='bbox 846 2558 934 2591; x_wconf 74' lang='lat' dir='ltr'>quem</span> <span class='ocrx_word' id='word_1_549' title='bbox 946 2555 1040 2590; x_wconf 66' lang='lat' dir='ltr'>aperto</span> <span class='ocrx_word' id='word_1_550' title='bbox 1053 2548 1090 2576; x_wconf 76' lang='lat' dir='ltr'>vl</span> <span class='ocrx_word' id='word_1_551' title='bbox 1099 2543 1219 2590; x_wconf 69' lang='lat' dir='ltr'>aggredi</span> <span class='ocrx_word' id='word_1_552' title='bbox 1228 2556 1285 2575; x_wconf 70' lang='lat' dir='ltr'>nen</span> <span class='ocrx_word' id='word_1_553' title='bbox 1297 2543 1407 2577; x_wconf 75' lang='lat' dir='ltr'>valeret</span> <span class='ocrx_word' id='word_1_554' title='bbox 1415 2564 1426 2582; x_wconf 88' lang='lat'>,</span> <span class='ocrx_word' id='word_1_555' title='bbox 1439 2541 1591 2575; x_wconf 81' lang='lat' dir='ltr'>authorem</span> <span class='ocrx_word' id='word_1_556' title='bbox 1605 2542 1655 2589; x_wconf 68' lang='lat' dir='ltr'>tpfi</span> <span class='ocrx_word' id='word_1_557' title='bbox 1662 2540 1791 2589; x_wconf 60' lang='lat' dir='ltr'>clymicae</span> <span class='ocrx_word' id='word_1_558' title='bbox 1804 2551 1940 2573; x_wconf 70' lang='lat' dir='ltr'>exercen-</span> 
     </span>
    </p>
   </div>
   <div class='ocr_carea' id='block_1_9' title="bbox 227 2589 1143 2642">
    <p class='ocr_par' dir='ltr' id='par_1_9' title="bbox 227 2589 1143 2642">
     <span class='ocr_line' id='line_1_46' title="bbox 227 2589 1143 2642; baseline -0.002 -12"><span class='ocrx_word' id='word_1_559' title='bbox 227 2596 265 2630; x_wconf 75' lang='lat' dir='ltr'>dae</span> <span class='ocrx_word' id='word_1_560' title='bbox 273 2598 430 2642; x_wconf 74' lang='lat' dir='ltr'>futurum.</span> <span class='ocrx_word' id='word_1_561' title='bbox 481 2597 639 2633; x_wconf 82' lang='lat' dir='ltr'>Sennert,</span> <span class='ocrx_word' id='word_1_562' title='bbox 655 2595 700 2630; x_wconf 88' lang='lat' dir='ltr'>de</span> <span class='ocrx_word' id='word_1_563' title='bbox 714 2593 866 2629; x_wconf 88' lang='lat' dir='ltr'>consens.</span> <span class='ocrx_word' id='word_1_564' title='bbox 882 2593 918 2629; x_wconf 70' lang='grc' dir='ltr'>ὅ(</span> <span class='ocrx_word' id='word_1_565' title='bbox 929 2591 1058 2628; x_wconf 76' lang='lat' dir='ltr'>dillens.</span> <span class='ocrx_word' id='word_1_566' title='bbox 1068 2602 1097 2628; x_wconf 77' lang='lat' dir='ltr'>c,</span> <span class='ocrx_word' id='word_1_567' title='bbox 1107 2589 1143 2629; x_wconf 70' lang='lat'>2.</span> 
     </span>
    </p>
   </div>
   <div class='ocr_carea' id='block_1_10' title="bbox 227 2703 1940 3038">
    <p class='ocr_par' dir='ltr' id='par_1_10' title="bbox 227 2703 1940 3038">
     <span class='ocr_line' id='line_1_47' title="bbox 325 2703 1937 2760; baseline -0.007 -11"><span class='ocrx_word' id='word_1_568' title='bbox 325 2714 471 2760; x_wconf 79' lang='lat' dir='ltr'>Qiaeres</span> <span class='ocrx_word' id='word_1_569' title='bbox 485 2722 601 2748; x_wconf 87' lang='lat' dir='ltr'>tamen</span> <span class='ocrx_word' id='word_1_570' title='bbox 617 2710 818 2748; x_wconf 77' lang='lat' dir='ltr'>curiositatis</span> <span class='ocrx_word' id='word_1_571' title='bbox 838 2708 950 2744; x_wconf 88' lang='lat' dir='ltr'>studio</span> <span class='ocrx_word' id='word_1_572' title='bbox 965 2732 975 2749; x_wconf 86' lang='lat'>,</span> <span class='ocrx_word' id='word_1_573' title='bbox 998 2720 1072 2755; x_wconf 72' lang='lat' dir='ltr'>qum</span> <span class='ocrx_word' id='word_1_574' title='bbox 1090 2708 1127 2743; x_wconf 79' lang='lat' dir='ltr'>fit</span> <span class='ocrx_word' id='word_1_575' title='bbox 1148 2708 1290 2743; x_wconf 86' lang='lat' dir='ltr'>materia</span> <span class='ocrx_word' id='word_1_576' title='bbox 1304 2706 1424 2755; x_wconf 82' lang='lat' dir='ltr'>lapidis</span> <span class='ocrx_word' id='word_1_577' title='bbox 1438 2705 1673 2758; x_wconf 87' lang='lat' dir='ltr'>Philosophici</span> <span class='ocrx_word' id='word_1_578' title='bbox 1688 2706 1701 2740; x_wconf 90' lang='lat'>?</span> <span class='ocrx_word' id='word_1_579' title='bbox 1716 2703 1937 2752; x_wconf 84' lang='lat' dir='ltr'>Respondeo,</span> 
     </span>
     <span class='ocr_line' id='line_1_48' title="bbox 228 2753 1940 2809; baseline -0.005 -15"><span class='ocrx_word' id='word_1_580' title='bbox 228 2760 454 2809; x_wconf 87' lang='lat' dir='ltr'>multiplicem</span> <span class='ocrx_word' id='word_1_581' title='bbox 473 2762 516 2795; x_wconf 88' lang='lat' dir='ltr'>de</span> <span class='ocrx_word' id='word_1_582' title='bbox 533 2760 812 2796; x_wconf 85' lang='lat' dir='ltr'>hocAuthorum</span> <span class='ocrx_word' id='word_1_583' title='bbox 830 2757 895 2793; x_wconf 83' lang='lat' dir='ltr'>essc</span> <span class='ocrx_word' id='word_1_584' title='bbox 910 2758 1112 2803; x_wconf 82' lang='lat' dir='ltr'>opinionem</span> <span class='ocrx_word' id='word_1_585' title='bbox 1132 2769 1143 2801; x_wconf 71' lang='grc' dir='ltr'><strong>ς</strong></span> <span class='ocrx_word' id='word_1_586' title='bbox 1161 2757 1263 2803; x_wconf 88' lang='lat' dir='ltr'>aliqui</span> <span class='ocrx_word' id='word_1_587' title='bbox 1284 2755 1426 2791; x_wconf 87' lang='lat' dir='ltr'>censent</span> <span class='ocrx_word' id='word_1_588' title='bbox 1445 2766 1520 2789; x_wconf 87' lang='lat' dir='ltr'>eam</span> <span class='ocrx_word' id='word_1_589' title='bbox 1536 2754 1602 2788; x_wconf 87' lang='lat' dir='ltr'>esle</span> <span class='ocrx_word' id='word_1_590' title='bbox 1621 2754 1692 2788; x_wconf 90' lang='lat' dir='ltr'>auri</span> <span class='ocrx_word' id='word_1_591' title='bbox 1716 2753 1857 2788; x_wconf 86' lang='lat' dir='ltr'>scoriam</span> <span class='ocrx_word' id='word_1_592' title='bbox 1874 2765 1885 2796; x_wconf 78' lang='lat'>3</span> <span class='ocrx_word' id='word_1_593' title='bbox 1905 2764 1940 2786; x_wconf 90' lang='lat' dir='ltr'>a-</span> 
     </span>
     <span class='ocr_line' id='line_1_49' title="bbox 227 2798 1939 2853; baseline -0.006 -9"><span class='ocrx_word' id='word_1_594' title='bbox 227 2809 262 2844; x_wconf 87' lang='lat' dir='ltr'>lii</span> <span class='ocrx_word' id='word_1_595' title='bbox 275 2810 449 2845; x_wconf 78' lang='lat' dir='ltr'>vitriolum</span> <span class='ocrx_word' id='word_1_596' title='bbox 468 2810 503 2845; x_wconf 68' lang='grc' dir='ltr'>δε</span> <span class='ocrx_word' id='word_1_597' title='bbox 517 2809 728 2851; x_wconf 79' lang='lat' dir='ltr'>arsenicum3</span> <span class='ocrx_word' id='word_1_598' title='bbox 757 2806 915 2842; x_wconf 89' lang='lat' dir='ltr'>nonnulli</span> <span class='ocrx_word' id='word_1_599' title='bbox 931 2806 1069 2840; x_wconf 85' lang='lat' dir='ltr'>alumen</span> <span class='ocrx_word' id='word_1_600' title='bbox 1086 2828 1097 2844; x_wconf 94' lang='lat'>,</span> <span class='ocrx_word' id='word_1_601' title='bbox 1118 2805 1325 2853; x_wconf 73' lang='lat' dir='ltr'>magnesiam</span> <span class='ocrx_word' id='word_1_602' title='bbox 1339 2826 1349 2843; x_wconf 91' lang='lat'>,</span> <span class='ocrx_word' id='word_1_603' title='bbox 1369 2802 1599 2839; x_wconf 81' lang='lat' dir='ltr'>chalcantum.</span> <span class='ocrx_word' id='word_1_604' title='bbox 1653 2801 1834 2837; x_wconf 76' lang='lat' dir='ltr'>Peritiores</span> <span class='ocrx_word' id='word_1_605' title='bbox 1844 2798 1939 2846; x_wconf 85' lang='lat' dir='ltr'>judi·</span> 
     </span>
     <span class='ocr_line' id='line_1_50' title="bbox 228 2850 1938 2906; baseline -0.005 -15"><span class='ocrx_word' id='word_1_606' title='bbox 228 2868 309 2893; x_wconf 89' lang='lat' dir='ltr'>cant</span> <span class='ocrx_word' id='word_1_607' title='bbox 321 2881 332 2897; x_wconf 96' lang='lat'>,</span> <span class='ocrx_word' id='word_1_608' title='bbox 357 2855 564 2906; x_wconf 81' lang='lat' dir='ltr'>aptissimum</span> <span class='ocrx_word' id='word_1_609' title='bbox 587 2856 654 2892; x_wconf 80' lang='lat' dir='ltr'>esse</span> <span class='ocrx_word' id='word_1_610' title='bbox 677 2856 815 2902; x_wconf 84' lang='lat' dir='ltr'>sulphur</span> <span class='ocrx_word' id='word_1_611' title='bbox 832 2855 868 2890; x_wconf 75' lang='grc' dir='ltr'>ὅ(</span> <span class='ocrx_word' id='word_1_612' title='bbox 890 2855 1156 2902; x_wconf 74' lang='lat' dir='ltr'>hydrargyrum,</span> <span class='ocrx_word' id='word_1_613' title='bbox 1172 2864 1295 2901; x_wconf 80' lang='lat' dir='ltr'>utpote</span> <span class='ocrx_word' id='word_1_614' title='bbox 1311 2863 1386 2901; x_wconf 70' lang='lat' dir='ltr'>quae</span> <span class='ocrx_word' id='word_1_615' title='bbox 1403 2851 1560 2887; x_wconf 85' lang='lat' dir='ltr'>constant</span> <span class='ocrx_word' id='word_1_616' title='bbox 1576 2850 1787 2897; x_wconf 72' lang='lat' dir='ltr'>potissimum</span> <span class='ocrx_word' id='word_1_617' title='bbox 1806 2859 1938 2894; x_wconf 87' lang='lat' dir='ltr'>tempe-</span> 
     </span>
     <span class='ocr_line' id='line_1_51' title="bbox 228 2897 1938 2954; baseline -0.006 -14"><span class='ocrx_word' id='word_1_618' title='bbox 228 2917 386 2942; x_wconf 79' lang='lat' dir='ltr'>ramento</span> <span class='ocrx_word' id='word_1_619' title='bbox 407 2906 566 2953; x_wconf 76' lang='lat' dir='ltr'>requisito</span> <span class='ocrx_word' id='word_1_620' title='bbox 596 2907 639 2940; x_wconf 90' lang='lat' dir='ltr'>ad</span> <span class='ocrx_word' id='word_1_621' title='bbox 660 2904 921 2954; x_wconf 79' lang='lat' dir='ltr'>generationem</span> <span class='ocrx_word' id='word_1_622' title='bbox 947 2903 1018 2937; x_wconf 87' lang='lat' dir='ltr'>auri</span> <span class='ocrx_word' id='word_1_623' title='bbox 1039 2915 1050 2947; x_wconf 78' lang='lat'>3</span> <span class='ocrx_word' id='word_1_624' title='bbox 1076 2903 1324 2951; x_wconf 76' lang='lat' dir='ltr'>hydrargyrum</span> <span class='ocrx_word' id='word_1_625' title='bbox 1348 2901 1441 2935; x_wconf 88' lang='lat' dir='ltr'>enim</span> <span class='ocrx_word' id='word_1_626' title='bbox 1471 2899 1600 2947; x_wconf 81' lang='lat' dir='ltr'>potiori</span> <span class='ocrx_word' id='word_1_627' title='bbox 1620 2910 1664 2933; x_wconf 79' lang='lat' dir='ltr'>ex</span> <span class='ocrx_word' id='word_1_628' title='bbox 1682 2907 1777 2946; x_wconf 87' lang='lat' dir='ltr'>parte</span> <span class='ocrx_word' id='word_1_629' title='bbox 1798 2897 1938 2931; x_wconf 77' lang='lat' dir='ltr'>consur-</span> 
     </span>
     <span class='ocr_line' id='line_1_52' title="bbox 228 2943 1938 3003; baseline -0.006 -14"><span class='ocrx_word' id='word_1_630' title='bbox 228 2954 277 3002; x_wconf 83' lang='lat' dir='ltr'>git</span> <span class='ocrx_word' id='word_1_631' title='bbox 299 2966 341 2991; x_wconf 83' lang='lat' dir='ltr'>ex</span> <span class='ocrx_word' id='word_1_632' title='bbox 362 2956 508 2990; x_wconf 82' lang='lat' dir='ltr'>humido</span> <span class='ocrx_word' id='word_1_633' title='bbox 533 2953 652 3003; x_wconf 83' lang='lat' dir='ltr'>pingui</span> <span class='ocrx_word' id='word_1_634' title='bbox 673 2953 708 2989; x_wconf 66' lang='grc' dir='ltr'>ἂ</span> <span class='ocrx_word' id='word_1_635' title='bbox 737 2958 839 2988; x_wconf 60' lang='lat' dir='ltr'>aereo</span> <span class='ocrx_word' id='word_1_636' title='bbox 866 2965 878 2997; x_wconf 77' lang='lat'><em>3</em></span> <span class='ocrx_word' id='word_1_637' title='bbox 905 2951 1045 2999; x_wconf 83' lang='lat' dir='ltr'>sulphur</span> <span class='ocrx_word' id='word_1_638' title='bbox 1068 2962 1151 2986; x_wconf 75' lang='lat' dir='ltr'>vcro</span> <span class='ocrx_word' id='word_1_639' title='bbox 1181 2950 1328 2986; x_wconf 69' lang='lat' dir='ltr'>nascitur</span> <span class='ocrx_word' id='word_1_640' title='bbox 1347 2960 1389 2984; x_wconf 84' lang='lat' dir='ltr'>ex</span> <span class='ocrx_word' id='word_1_641' title='bbox 1409 2959 1506 2984; x_wconf 83' lang='lat' dir='ltr'>terrae</span> <span class='ocrx_word' id='word_1_642' title='bbox 1519 2947 1733 2996; x_wconf 76' lang='lat' dir='ltr'>pinguedine</span> <span class='ocrx_word' id='word_1_643' title='bbox 1747 2946 1782 2982; x_wconf 73' lang='grc' dir='ltr'>ὅ(</span> <span class='ocrx_word' id='word_1_644' title='bbox 1804 2943 1938 2980; x_wconf 81' lang='lat' dir='ltr'>viscosi·</span> 
     </span>
     <span class='ocr_line' id='line_1_53' title="bbox 227 3012 308 3038; baseline 0 0"><span class='ocrx_word' id='word_1_645' title='bbox 227 3012 308 3038; x_wconf 72' lang='lat' dir='ltr'>tate·</span> 
     </span>
    </p>
   </div>
   <div class='ocr_carea' id='block_1_11' title="bbox 1790 3125 1937 3176">
    <p class='ocr_par' dir='ltr' id='par_1_11' title="bbox 1790 3125 1937 3176">
     <span class='ocr_line' id='line_1_54' title="bbox 1790 3125 1937 3176; baseline 0.007 -15"><span class='ocrx_word' id='word_1_646' title='bbox 1790 3125 1937 3176; x_wconf 78' lang='lat' dir='ltr'>Qaeres</span> 
     </span>
    </p>
   </div>
  </div>
 </body>
</html>
