2054 3496
702 220 1266 294 Philosophico—Politica.
1721 235 1829 289 277

109 291 309 339 fidt‘anu'bus',
321 293 463 332 auctore
471 295 586 334 Livio.
636 299 872 335 simultatibus
882 300 1009 335 civium
1028 299 1165 335 occulta
1178 297 1378 346 panduntur
1385 294 1493 336 hosti,
1502 295 1657 343 dumque
1667 295 1702 330 hi
1717 295 1827 331 scani-

117 342 184 377 mis
202 343 354 390 separant
367 367 379 384 ‚
394 343 450 380 ille
459 347 566 384 robur
579 346 719 395 colligit.
770 348 911 397 Singula
927 347 1054 382 hastilia
1069 347 1168 383 facile
1183 347 1388 392 tranguntur
1400 367 1411 385 ,
1433 342 1622 390 conjuncta
1642 355 1716 379 non
1733 346 1828 382 item.

120 391 253 426 Docuit
262 392 334 427 hoc
341 392 490 430 Scilurus
500 401 554 435 80.
562 394 712 431 filiorum
721 395 820 431 Pater
832 396 907 441 3hic
914 396 1047 431 vicinus
1055 395 1159 431 morti
1161 392 1359 442 jaculorum
1367 392 1491 428 fascem
1507 391 1641 440 lingulis
1650 394 1830 441 porrigens
1847 375 1991 412 Plus-3²&

116 439 338 492 confringere
344 438 459 487 justit,
476 444 573 489 quod
589 455 669 479 cum
687 455 793 479 nemo
809 454 930 479 eorum
947 443 1100 491 praestare
1114 443 1278 479 conando
1287 441 1412 488 poffetss,
1423 441 1490 488 ipse
1498 441 1661 489 figillatim
1670 452 1710 475 ea
1718 451 1826 476 extra-

116 487 223 526 heris,
233 488 347 533 jacula
355 490 473 526 omnia
488 490 555 527 line
562 492 705 540 negotio
720 492 909 540 confregit,
924 503 984 527 eos
994 493 1046 526 his
1055 492 1166 527 verbis
1179 493 1393 526 admonens:
1410 492 1445 523 Si
1453 488 1605 523 concordes
1617 494 1710 529 ert'n's,
1723 489 1827 529 valtzz'i,

113 536 270 580 invt‘fh‘que
283 536 456 578 manebu'tt's,
472 550 573 572 contra
579 542 611 584 si
620 540 734 584 diffidas
750 541 786 576 ὠ·
794 541 934 585 fiditione
952 540 1168 584 dtstrahemt'm',
1182 537 1335 572 imbecilles
1348 543 1425 571 eritis
1438 560 1449 578 ,
1471 539 1507 574 (ῤ’
1531 548 1694 585 expugnatu
1711 538 1826 583 faciles.

113 581 240 666 ἕρπε
252 584 415 667 ῃίἲὶτὶπη
426 587 656 623 contestatum
675 588 795 630 nimis,
810 590 906 636 quod
914 588 1075 625 Salustius
1087 587 1212 624 edixit:
1228 587 1390 621 Concordia
1405 599 1449 621 res
1457 598 1553 635 parva
1567 588 1711 630 crescunt,
1725 587 1828 622 dicor·
1842 572 1988 619 salnflffl·

143 636 166 665 'a
179 644 285 680 magna
313 635 352 667 ila
371 645 474 674 untur,

1834 427 1926 469 firm.
1934 436 1980 463 82.

646 767 1179 853 QUAESTIO
1246 765 1342 832 lx.

249 867 338 919 ‘De
360 868 493 920 modo
512 875 705 921 invenlt
715 871 798 921 ndi
816 876 1029 922 mineras
1051 870 1118 931 Εἴ
1140 867 1194 919 de
1211 865 1488 942 magtsterio
1510 882 1676 919 trans·

651 965 653 967 ’
737 957 958 1008 mutandi
977 953 1196 1006 metalla.

149 1073 184 1214 a
236 1086 346 1124 Ctum
359 1070 406 1125 de
420 1089 638 1125 mineralibus
659 1089 825 1125 haSoenus
840 1112 852 1130 ,
869 1089 1059 1125 succedunt
1071 1086 1208 1124 metalla
1221 1110 1231 1129 ,
1246 1088 1291 1123 de
1305 1086 1429 1134 quibus
1450 1084 1642 1135 generatim
1658 1086 1818 1134 quaedam

235 1135 308 1184 jam
318 1137 407 1174 dieta
417 1140 507 1177 lunt,
518 1138 661 1174 restatur
672 1141 714 1172 de
724 1140 761 1173 iis
777 1139 877 1173 etiam
888 1139 921 1172 in
932 1139 1039 1185 specie
1052 1148 1209 1185 agamus,
1225 1137 1318 1184 prius
1331 1146 1449 1171 tamen
1462 1136 1506 1170 de
1516 1136 1625 1170 modo
1641 1136 1820 1170 invenien-

104 1233 126 1268 ἀ
162 1233 183 1268 s
241 1186 276 1221 di
289 1186 501 1227 mineras,&
518 1187 561 1222 de
575 1187 768 1236 magisterio
786 1187 920 1222 metalla
936 1186 1186 1222 transmutandi
1201 1183 1438 1233 pertraclanda
1452 1181 1621 1219 nonnulla
1635 1182 1729 1228 sunt3
1743 1184 1818 1218 Un-

129 1244 148 1268 e
173 1242 200 1269 it

200 1280 389 1318 Conclusio
404 1284 524 1330 prima.
574 1283 694 1330 Signa,
712 1282 863 1331 equibus
878 1281 1013 1318 metalla
1028 1280 1167 1318 latentia
1186 1280 1324 1329 reperiri
1336 1278 1491 1328 poffunt,
1508 1278 1682 1327 sequentia
1696 1280 1737 1314 ab
1745 1281 1815 1315 Au-

101 1329 260 1366 thoribus
269 1331 499 1369 recensentur.
549 1343 573 1368 1.
589 1332 675 1379 Qo
690 1332 815 1367 inloco
841 1331 1057 1367 humidiores
1079 1332 1194 1366 herbae
1210 1342 1282 1365 non
1301 1328 1530 1378 congelantur
1543 1331 1561 1363 a
1582 1327 1712 1376 pruinis
1726 1350 1737 1367 ,
1761 1327 1818 1363 sed

101 1377 276 1414 immunes
290 1380 403 1415 virent
417 1401 427 1421 ,
449 1391 554 1415 venas
572 1380 699 1415 inbelle
714 1381 879 1415 indicant.
929 1379 1039 1415 Vena:
1057 1380 1151 1414 enim
1166 1401 1176 1418 ,
1192 1379 1271 1426 quia
1288 1378 1413 1414 siccum
1429 1377 1464 1412 ὅ(
1478 1377 1628 1412 calidum
1655 1376 1822 1423 exspirant

99 1426 263 1468 halitum,
277 1428 407 1474 pruinae
425 1428 688 1464 concretionem
699 1428 903 1476 impediunt.
956 1429 1065 1476 Qod
1084 1428 1103 1462 fi
1119 1428 1354 1462 exhalationes
1364 1426 1464 1462 valde
1475 1425 1589 1460 calidae
1600 1425 1691 1464 sunt,
1703 1427 1768 1459 fert
1784 1436 1824 1460 ea

99 1484 186 1510 terra
199 1475 347 1511 humiles
355 1476 455 1511 valde
470 1478 610 1515 herbas,
626 1487 753 1523 easque
761 1476 882 1512 colore
900 1475 1137 1524 sublauguido.
1189 1488 1220 1512 2.
1231 1477 1405 1510 Arborum
1421 1473 1517 1521 super
1531 1473 1678 1508 mineras
1691 1473 1821 1508 adulta-

98 1533 176 1558 rum
192 1523 274 1559 folia
287 1535 398 1560 verno
415 1533 575 1573 ternpore
591 1524 822 1565 subcoerulea,
839 1525 923 1559 rami
938 1525 1120 1573 nigredine
1135 1524 1324 1571 squalentes
1338 1545 1348 1562 ‚
1371 1521 1466 1559 bifidi
1483 1521 1610 1569 stipites
1624 1544 1634 1561 ,
1657 1521 1742 1556 rami
1757 1521 1819 1556 dii:

97 1571 253 1616 colores,
267 1572 442 1620 spirituum
451 1573 652 1609 varietatem
671 1572 796 1608 subesse
813 1583 947 1609 notant.
998 1586 1021 1617 3.
1035 1574 1122 1608 Non
1133 1572 1209 1607 leve
1221 1573 1324 1606 etiam
1334 1570 1470 1606 latentis
1480 1581 1575 1605 venae
1585 1570 1750 1604 indicium
1762 1571 1820 1605 de-

97 1617 240 1660 sumitur
254 1632 296 1656 ex
311 1622 628 1661 coruscationibus,
644 1620 680 1657 &
697 1621 858 1657 coeruleis
876 1620 1040 1661 flammis,
1057 1632 1132 1669 quae
1147 1620 1338 1655 identidem
1354 1630 1477 1655 terram
1496 1617 1704 1663 allambunt3
1722 1618 1819 1653 solet-

96 1668 373 1717 quesulphureus
384 1671 526 1716 quidam
544 1669 579 1706 <Sc
596 1670 842 1718 calidusvapor
857 1670 946 1705 exiis
964 1669 1050 1704 locis
1066 1681 1262 1716 erumpere,
1278 1669 1335 1716 qui
1352 1668 1450 1703 lncile
1465 1667 1660 1714 percipitur.
1712 1667 1817 1702 Unde

97 1718 136 1752 iis
153 1717 283 1753 inlocis
291 1717 400 1753 statim
416 1718 509 1754 nives
525 1718 794 1766 colliquescunt,
810 1730 876 1754 nec
890 1729 947 1752 ros
966 1718 1157 1754 concrescit
1170 1740 1180 1757 ,
1198 1716 1232 1753 ὅ(
1250 1716 1366 1752 sterilis
1382 1729 1421 1751 ac
1436 1715 1551 1752 exusta
1568 1725 1656 1750 terra
1675 1726 1817 1762 compa-

95 1775 158 1801 ret.
207 1777 244 1813 4.
261 1765 374 1801 Color
387 1767 509 1814 pariter
518 1768 693 1802 montium
704 1766 900 1811 &lapidum
910 1779 948 1801 ac
958 1777 1055 1801 terrae
1072 1778 1145 1801 non
1154 1765 1260 1800 solum
1273 1765 1448 1801 metallum
1459 1765 1530 1804 ,led
1542 1763 1576 1798 ὅ(
1586 1761 1658 1810 ejus
1668 1764 1815 1811 speciem

93 1814 240 1854 indicat,
255 1814 421 1850 ficviridis
432 1815 530 1851 color
543 1815 577 1850 in
595 1825 717 1850 monte
727 1814 866 1850 diffusus
881 1816 1011 1854 aboere,
1030 1815 1127 1863 niger
1140 1816 1181 1849 ab
1200 1824 1344 1862 argento
1356 1813 1390 1849 ἀ
1409 1825 1512 1852 auro,
1527 1813 1813 1859 purpureusapy-

92 1864 173 1903 rite,
189 1862 314 1898 lividus
329 1863 347 1898 21
361 1863 470 1904 ferro,
486 1863 541 1899 vel
559 1864 702 1910 plumbo
716 1887 726 1904 ‚
742 1864 899 1899 cinereus
913 1864 930 1898 a
947 1863 1105 1910 sulphure
1122 1861 1249 1903 latente
1265 1871 1458 1910 promanat.
1508 1872 1533 1905 5.
1551 1860 1683 1894 lnlocis
1694 1861 1813 1895 metal-

94 1911 195 1947 liferis
209 1911 298 1947 auffi
308 1913 464 1959 pondere
472 1911 546 1958 plus
554 1913 724 1961 gravitant
737 1910 865 1959 lapides
878 1934 888 1951 ,
906 1911 939 1947 ὅ(
950 1912 1060 1958 aliqua
1079 1911 1123 1946 sui
1135 1922 1230 1959 parte
1246 1910 1435 1958 splendent.
1487 1912 1518 1944 6.
1535 1911 1645 1955 Aquae
1655 1919 1697 1943 ex
1711 1920 1812 1944 mon-

91 1960 198 2000 tibus,
213 1969 316 2008 atque
331 1960 401 1995 aliis
415 1960 501 1996 locis
518 1960 741 1996 subterraneis
758 1962 958 2000 effluentes,
969 1960 987 1994 li
999 1961 1146 1994 odorem
1158 1962 1331 2007 quendam
1349 1959 1384 1994 ὅ(
1398 1956 1554 1993 colorem
1569 1957 1718 1992 alienum
1730 1969 1814 2003 prae-

92 2008 257 2048 leserunt,
272 2009 412 2044 minerae
428 2008 639 2044 metalliferae
649 2010 733 2044 dant
743 2006 997 2055 conje&uram,
1013 2009 1164 2044 maxime
1176 2008 1194 2043 li
1205 2007 1238 2043 ὅ(
1262 2007 1441 2055 particulas
1451 2008 1615 2054 quasdam
1627 2005 1814 2040 metallicas

93 2056 207 2092 secum
219 2057 379 2093 evehant.
428 2068 461 2102 7.
476 2057 819 2105 Acerrimipraeterea
827 2057 1045 2092 metallorum
1057 2056 1187 2104 spiritus
1197 2067 1355 2095 montem
1366 2057 1400 2091 in
1409 2055 1510 2090 rimas
1520 2064 1663 2102 cogunt.
1691 2054 1814 2093 8.Stel-

94 2103 206 2140 liones
214 2104 403 2141 bufonibus
413 2106 615 2153 grandiores
625 2117 735 2141 aureae
751 2107 891 2141 minerae
906 2106 1090 2144 incubant,
1109 2106 1187 2153 quia
1203 2103 1417 2140 delcetantur
1427 2103 1643 2141 antimonio,
1659 2104 1754 2149 quod
1767 2103 1812 2138 est

90 2151 156 2188 flos
166 2153 248 2188 auri.
279 2164 312 2199 9.
324 2153 430 2189 Terra
438 2154 616 2202 argillacea
624 2155 719 2203 nigra
728 2154 765 2190 &
773 2163 876 2189 tenax
886 2153 1092 2202 plerumque
1102 2153 1249 2188 mineras
1260 2153 1391 2188 circum
1399 2151 1454 2187 vel
1464 2151 1521 2186 sub
1533 2151 1563 2185 se
1579 2151 1706 2185 ¹iabcrc
1718 2151 1810 2186 lolet.

187 2202 237 2237 Ex
249 2202 364 2237 modis
373 2202 425 2237 his
439 2202 618 2238 metallum
632 2203 832 2239 inveniendi
846 2215 920 2238 non
935 2202 1102 2237 minimus
1116 2201 1162 2236 est
1176 2202 1268 2250 virga
1290 2200 1510 2240 divinator-ia,
1521 2210 1596 2247 quae
1613 2200 1761 2238 biturca,
1775 2200 1811 2236 ἅ·

88 2261 153 2332 1ξω
170 2249 300 2286 metalli
314 2250 514 2286 inveniendi
534 2251 671 2286 ratione
694 2251 822 2287 diversa
839 2250 1034 2291 essedebct,
1050 2250 1214 2285 nimirum
1228 2261 1290 2297 pro
1306 2258 1450 2298 argento
1471 2248 1616 2284 colurna
1631 2270 1641 2288 ,
1662 2259 1725 2296 pro
1744 2260 1809 2284 :xre

114 2299 249 2334 raxinea
259 2298 295 2334 &
310 2310 373 2347 pro
388 2298 532 2346 plumbo
547 2301 565 2334 e
579 2299 742 2347 piceastro
758 2299 903 2347 sumpta.
953 2299 1032 2335 Nec
1047 2299 1254 2334 hocnaturae
1269 2298 1358 2333 vires
1376 2296 1531 2346 superare
1544 2296 1682 2331 videtur
1694 2319 1704 2337 ,
1725 2297 1806 2332 cuni

67 2350 69 2352 '
88 2346 225 2382 constet
240 2347 389 2383 mineras
400 2346 565 2394 exspirare
583 2348 707 2383 halitus
722 2347 869 2388 calidos,
885 2347 1176 2395 quibus&herbae
1193 2346 1227 2382 ὅ(
1238 2347 1400 2381 arborum
1408 2345 1490 2380 folia
1498 2345 1700 2380 aduruntur.
1711 2345 1806 2381 Con-

87 2395 220 2444 tingere
234 2395 382 2442 proinde
394 2394 522 2443 posset,
538 2405 576 2431 ut
589 2396 683 2444 virga
698 2408 739 2432 ex
752 2397 951 2444 Sympathia
967 2396 1082 2431 innata
1091 2397 1134 2430 eo
1152 2395 1182 2429 se
1197 2394 1391 2433 inclinaret,
1408 2395 1503 2429 unde
1518 2392 1754 2429 exhalationes
1771 2406 1804 2428 a·

85 2444 184 2479 micae
199 2444 400 2479 ascendunt.
451 2444 539 2480 Illud
554 2446 671 2480 tamen
684 2445 828 2480 minime
843 2445 1063 2492 probandum
1078 2466 1087 2483 ,
1109 2444 1129 2478 s1
1145 2444 1303 2491 quaedam
1319 2442 1390 2478 aliae
1410 2452 1507 2477 vanae
1529 2440 1805 2481 observationes,

86 2503 162 2539 quae
177 2492 261 2528 dese
278 2492 406 2528 nullam
424 2504 505 2528 curn
513 2491 639 2529 effe&u
653 2492 855 2529 relationem
870 2494 1016 2531 habent,
1033 2492 1275 2531 adhibeantur,
1289 2502 1321 2529 v.
1331 2504 1364 2540 g.
1372 2491 1469 2539 quod
1483 2488 1568 2525 nulli
1581 2489 1641 2525 nifi
1651 2489 1706 2524 die
1715 2490 1805 2525 Solis

83 2549 169 2574 nato
185 2542 326 2576 obediat
341 2541 409 2576 &c.
428 2541 512 2577 Hoc
527 2541 621 2577 enim
631 2541 893 2589 superstitiosum
903 2541 967 2581 est,
985 2540 1108 2587 &quia
1117 2540 1354 2576 communiter
1368 2537 1491 2574 similes
1504 2538 1728 2574 conditiones
1745 2551 1803 2587 ap-

84 2598 280 2635 ponuntur,
295 2589 418 2625 censeo
429 2601 510 2625 cum
518 2589 617 2626 Patre
626 2590 813 2625 Honorato
822 2589 917 2625 Fabri
924 2588 1017 2624 tra&
1028 2599 1060 2633 7.
1069 2588 1166 2635 Phys.
1175 2588 1194 2625 Ι.
1203 2601 1233 2623 2.
1252 2599 1349 2636 prop.
1358 2598 1408 2633 30.
1416 2587 1646 2637 virgamhanc
1656 2585 1720 2622 esse
1728 2599 1800 2622 mc>

84 2647 157 2672 ram
175 2637 464 2684 superstitionem,
479 2637 535 2674 vel
549 2639 663 2674 verius
678 2639 776 2683 (uris
790 2638 966 2685 loquitur)
980 2637 1105 2673 anilem
1119 2637 1279 2672 fabulam.

181 2685 370 2723 Conclusio
387 2687 544 2722 secunda.
596 2686 892 2723 Venaemetallicae
911 2687 945 2721 in
959 2686 1066 2721 varias
1082 2682 1437 2731 dividunturspecie53
1456 2682 1527 2718 aliae
1536 2683 1629 2718 enim
1639 2682 1804 2721 dicuntur

79 2732 246 2780 profunda,
261 2733 332 2768 aliae
345 2733 483 2774 damam,
499 2734 571 2770 aliae
585 2739 745 2772 cumnlatae,
794 2734 972 2770 Profunda
988 2734 1207 2773 nominatur,
1222 2743 1296 2780 quae
1307 2734 1323 2766 a
1341 2730 1517 2779 superficie
1533 2741 1629 2766 terrae
1646 2732 1680 2766 in
1695 2731 1803 2779 imam

84 2779 159 2828 ejus
175 2781 288 2817 sedem
304 2781 490 2818 descendit.
540 2785 689 2823 Dilatata,
705 2794 780 2831 quae
794 2794 855 2831 per
869 2783 1024 2818 medium
1041 2783 1130 2817 inter
1144 2780 1355 2828 superficiem
1366 2791 1463 2815 terrae
1479 2779 1514 2815 <Sc
1530 2778 1603 2826 ejus
1617 2780 1799 2827 profundi-

82 2839 189 2864 tatem
205 2831 363 2866 excurrit.
416 2831 603 2867 Cumulata
620 2843 703 2867 vero
727 2831 916 2880 appellatur
929 2853 939 2870 ,
956 2842 1031 2878 quae
1048 2830 1094 2866 lat
1113 2830 1302 2865 notabilem
1318 2828 1446 2864 telluris
1461 2837 1592 2875 partem
1607 2828 1806 2863 secundum

80 2877 338 2925 longitudinem
353 2877 618 2915 &latitudinem
639 2889 799 2927 occupat.
850 2879 976 2914 Rursus
991 2879 1241 2927 profundarum
1256 2888 1424 2913 venarum
1438 2876 1558 2924 aliquae
1573 2875 1710 2910 diversae
1724 2876 1795 2912 lati·

82 2926 213 2961 tudinis
223 2925 316 2966 sunt,
333 2925 412 2962 &in
424 2927 695 2964 nonnullislocis
712 2929 854 2963 subinde
867 2939 978 2975 usque
991 2930 1032 2962 ad
1044 2927 1233 2962 duodecim
1248 2924 1358 2973 passus
1377 2935 1580 2964 excurrunt,
1596 2924 1795 2960 subindeta·

82 2986 166 3010 men
180 2974 237 3010 vix
252 2974 339 3010 ultra
352 2977 442 3010 duos
456 2976 489 3010 di
519 2976 585 3010 itos
602 2977 634 3011 se
643 2979 846 3013 extendunt.
896 2977 1018 3011 Ethaec
1032 2976 1155 3010 iterum
1163 2974 1254 3010 varie
1263 2974 1474 3015 dividuntur,
1488 2973 1557 3007 alite
1566 2972 1659 3007 enim
1671 2971 1795 3007 suntre-

82 3024 139 3061 Ha,
155 3021 227 3058 aliae
240 3035 351 3062 curvae,
366 3025 499 3058 nonnul
515 3034 541 3058 ae
551 3023 706 3070 obliqua&
719 3035 792 3057 ταντα
801 3047 810 3064 ,
821 3025 903 3059 item
912 3025 1075 3067 transverfie
1091 3023 1126 3058 ὅ(
1135 3024 1298 3060 circulares.
1322 3022 1550 3069 Appellantur
1557 3021 1659 3055 etiam
1669 3021 1794 3056 Orien-

77 3070 161 3107 tales
170 3070 205 3106 ὅ(
215 3070 654 3110 Occidentales,Australes
665 3072 699 3107 ὅ(
710 3072 884 3112 Bor-eales,
909 3081 1014 3120 prout
1026 3082 1155 3119 nempe
1169 3072 1212 3106 ad
1229 3071 1289 3105 has
1303 3080 1416 3118 partes
1435 3078 1632 3107 excurrunt.
1683 3069 1799 3116 Quod

79 3129 195 3155 autem
211 3119 258 3154 est
266 3119 421 3162 medium
432 3119 520 3155 inter
528 3123 612 3155 duas
620 3131 723 3156 venas
730 3142 741 3162 ,
749 3125 947 3155 intervem'um
957 3120 1168 3159 nominatur,
1219 3118 1313 3155 Vide
1321 3119 1364 3154 de.
1374 3118 1427 3153 his
1436 3118 1634 3166 Agricolam
1644 3139 1654 3156 ,
1664 3116 1685 3151 fi
1694 3117 1794 3152 lusio-

77 3178 150 3210 rem
165 3167 443 3215 explanationem
461 3168 569 3216 cupis,
758 3177 763 3183 ¹

963 3214 1003 3251 M
1012 3227 1046 3251 m
1060 3224 1075 3261 3
1715 3212 1789 3248 Ob-
