2054 3496
238 183 319 235 74
925 163 1289 234 Meteorologta

756 288 1448 342 APPEN-DJX.

326 393 526 430 Uaerianon
535 390 652 439 paucis
662 389 762 430 solet,
779 402 864 425 num
873 389 964 425 stella
976 411 986 429 ,
1008 399 1083 435 qua:
1103 398 1224 436 magos
1243 385 1341 421 duxit
1356 387 1400 421 ad
1421 387 1568 434 praesepe
1586 386 1731 422 Domini
1748 395 1889 422 cometa
1907 385 1958 422 fu-

243 407 429 526 Qlerit,
443 441 496 476 vel
510 440 651 488 aliquod
664 439 754 473 aliud
779 438 904 473 illustre
920 448 1120 472 meteoron.
1195 436 1287 470 Hulc
1306 434 1445 482 quaefito
1461 435 1669 471 satisfaciunt
1689 435 1958 469 Conimbricen-

358 490 396 526 'es
405 513 415 530 a
431 490 593 538 negando
602 488 719 535 quoad
735 487 880 535 primam
888 496 1019 534 partem
1028 485 1156 520 stellam
1165 485 1255 519 hanc
1264 482 1360 517 luilse
1370 494 1545 518 cometam
1553 506 1563 522 ,
1574 495 1655 518 cum
1664 495 1715 522 ea,
1723 494 1799 530 quae
1808 485 1851 517 de
1861 493 1941 518 natu
1952 506 1960 510 -

241 552 277 576 ra
293 539 328 575 ὅ(
345 539 487 587 ingenio
496 546 733 575 cometarum,
750 534 944 570 deillorum
961 544 1060 568 motu
1078 534 1114 569 ὅ(
1133 531 1370 568 evanescentia
1380 530 1437 566 sub
1446 533 1572 566 diurno
1587 532 1761 566 lumine&
1771 532 1925 566 distantia
1943 533 1962 566 εὶ

245 589 342 624 terris
351 587 440 623 dic'ca
450 586 524 621 sunt
532 608 542 626 ,
551 585 696 620 minime
705 584 787 619 huic
795 583 895 618 stellae
903 584 1128 618 conveniant.
1181 581 1268 616 Haec
1278 580 1373 614 enim
1392 580 1546 619 biennio,
1556 590 1594 615 ut
1602 580 1741 627 quidam
1752 579 1876 615 volunt
1891 580 1961 627 spe-

238 636 400 673 &andam
416 635 447 670 se
455 643 624 682 perpetuo
635 643 705 668 tarn
714 632 863 667 interdiu
873 632 976 679 quarn
993 631 1100 665 noc‘tu
1112 630 1214 664 dabat
1224 638 1321 663 tanto
1331 628 1523 676 splendore,
1532 638 1571 664 ut
1584 628 1647 663 alia
1657 628 1738 663 coeli
1747 628 1878 662 lumina
1885 630 1960 663 vin-

240 695 356 729 ceret3
380 683 620 719 occultabatur
633 704 643 721 a
673 682 756 716 dum
766 691 854 728 opus
873 690 960 718 erat,
978 680 1093 726 enque
1109 678 1139 713 se
1155 678 1190 712 in
1207 687 1332 712 terram
1346 677 1478 712 demifit
1493 686 1532 712 ut
1548 677 1680 724 Ephebi
1696 676 1797 711 instar
1807 677 1959 724 Regibus

237 733 441 782 praeluceret
450 732 523 766 face
532 731 692 777 viamque
700 729 919 767 monstraret,
930 729 1046 763 donec
1055 725 1245 762 constiterit
1254 725 1349 771 [upra
1364 724 1559 772 speluncam
1575 725 1747 760 Neo-nati
1766 724 1960 766 Salvatoris,

237 782 315 817 Fuit
330 782 433 830 igitur
443 780 645 815 Meteorum
657 778 811 825 quidem,
820 777 875 812 sed
887 775 1020 811 nullum
1032 787 1072 810 ex
1083 774 1250 810 baclenus
1260 773 1681 813 di'disweruminlblitum
1692 773 1793 821 plane
1802 773 1837 808 ὅ(
1848 773 1960 821 fingu-

237 831 318 870 lare,
327 841 401 864 non
410 828 570 868 naturali,
585 826 641 862 sed
650 826 820 874 Angelica
828 826 954 860 virtute
966 836 1007 859 ex
1017 824 1159 859 materia
1169 822 1338 858 sublunari
1349 820 1539 857 conflatum
1549 845 1559 861 ‚
1577 822 1678 857 valde
1687 820 1812 856 illustre
1829 844 1840 860 ,
1862 823 1961 869 quod

237 876 560 927 Angeliministcrio
574 876 609 910 in
624 875 788 910 inferiore
804 875 890 909 aeris
908 874 1053 920 regione
1071 872 1319 907 devehebatur.
1370 870 1420 905 Ita
1434 869 1809 906 communiterSS.PP.
1824 870 1960 917 Qam-

234 928 286 963 vis
294 929 325 964 S.
337 926 457 973 Chrys}
467 926 565 962 hom.
576 926 605 960 6.
617 924 652 959 in
664 935 737 972 cap.
747 935 778 960 2.
790 922 916 958 Matth.
927 921 962 957 ὃς
986 921 1127 969 quidam
1136 920 1189 955 alii
1199 918 1410 960 existiment,
1424 917 1519 955 fuisse
1527 918 1715 968 Angelum,
1733 918 1793 966 qui
1801 918 1841 954 ea
1851 919 1962 968 figura

234 985 437 1024 apparuerm
1188 992 1191 995 -

505 1066 1097 1135 CONCLUSIO
1176 1061 1672 1130 POLITICA.

579 1183 932 1258 Laboribus
942 1210 1025 1255 ne
1037 1183 1178 1279 plus
1191 1185 1377 1277 aequo
1390 1201 1626 1275 gravet.
