2054 3496
246 209 348 276 164
920 201 1288 276 Meteorologia

248 295 415 336 potamus
423 283 487 324 est,
499 281 651 320 vindicta
660 280 825 331 cephalus
833 282 880 318 est
895 296 907 329 ς
922 283 1029 319 animi
1037 283 1206 331 procellas
1215 281 1383 322 excitant,
1393 279 1569 330 naufragia
1576 281 1765 317 minantur.
1814 279 1902 316 Haec
1917 271 1978 328 qui

249 331 447 384 pastionum
455 332 608 367 monstra
617 334 738 367 domat
745 330 881 367 hostem
891 332 999 368 vincit
1008 332 1211 367 maximum.
1227 331 1331 366 Adeo
1339 341 1462 365 verum
1477 331 1563 366 dixit
1577 327 1837 366 facundiffimus
1848 329 1979 364 Roma-

252 394 383 419 norum
395 395 404 417 z
417 385 571 417 Animum
578 385 714 420 vincere,
730 380 922 415 iracundiam
936 378 1271 425 cohiberefortgffimlest.
1320 382 1390 413 Haec
1396 381 1547 425 quifacz't,
1561 394 1619 413 non
1628 379 1712 413 modo
1720 392 1789 413 eum
1802 390 1848 426 ego
1849 380 1979 422 summt’s
2034 369 2039 402 ,¹

86 428 189 461 G’CWO
193 436 245 473 1³7⁰
253 437 328 466 viris
341 441 490 477 comparo,
498 429 740 474 se'dfimillimnm
748 432 811 463 Deo
815 429 932 477 judico-
958 425 1251 464 Praestantlffimus
1257 428 1367 463 videri
1377 426 1649 475 possetSesostris
1660 427 1763 477 Regis
1770 426 1910 475 AEgyptl
1919 425 1978 460 tri-

87 475 410 528 Marcello.umphus
422 501 433 519 ·,
447 478 629 527 quiReges
642 487 793 525 quatuor
806 479 824 512 a
834 477 866 512 se
880 477 1036 514 subatros
1044 476 1291 524 jumentorum
1306 476 1342 511 in
1356 487 1493 511 morem
1507 488 1648 512 currum
1664 475 1762 511 suum
1777 475 1982 524 protrahere

253 529 372 577 coegit
386 541 395 562 ε
415 529 463 563 At
481 526 550 574 ipse
563 523 759 574 passionum
773 526 988 574 mancipium
1001 549 1011 566 ‚
1026 526 1082 561 libi
1096 525 1154 573 ipsi
1171 525 1345 561 dominari
1363 524 1545 571 nesciebat⁷
1595 528 1677 560 Eum
1689 525 1814 558 demum
1834 527 1982 570 optimum

87 592 143 631 Sm
161 602 236 640 ‘PK'
256 579 293 615 cfr
307 576 396 611 laude
409 575 605 624 digniffimum
617 574 767 615 dixerim,
779 579 836 621 qus·
843 580 966 622 propriis
979 572 1127 622 affic'libus
1140 578 1308 621 imperaret.
1372 573 1470 609 Stare
1483 573 1520 609 in
1535 572 1667 621 fastigio
1683 572 1720 609 ὅ(
1736 573 1756 608 ὲ
1775 571 1920 620 vestigio
1930 569 1983 618 jz-

144 617 154 628 ·
217 619 227 632 ‘
237 619 335 663 'cere
349 625 409 660 sub
423 624 509 660 vitio
525 637 534 658 ε
550 623 667 658 sedere
677 623 713 658 in
727 624 860 658 throno
875 646 886 664 2
899 623 936 659 ὅ(
957 622 1109 659 volutari
1122 622 1159 658 in
1173 633 1282 658 coeno
1293 644 1303 662 ‚
1318 633 1394 657 non
1406 622 1479 658 hoc
1493 622 1657 662 fortium,
1674 633 1749 657 non
1764 620 1984 657 summorum

251 675 312 760 ᾖ.
361 673 483 720 Turpe
495 672 543 707 est
551 671 697 707 Herculi
706 672 834 717 Hydrae
844 669 1569 720 caputdemetere‚&vinciaffe&u;virum
1578 681 1706 706 exuere
1715 669 1870 706 foeminae
1883 678 1984 704 amo·
2032 710 2034 714 Ι

298 721 531 763 ,&sederead
539 720 677 761 colum,
691 721 872 768 penderea
887 720 981 756 collo
992 744 1002 761 ,
1018 720 1077 769 qui
1092 719 1236 768 pectore
1250 719 1402 754 immoto
1420 719 1455 754 in
1471 719 1543 755 finu
1552 718 1664 766 jacuit
1676 717 1842 756 vi&0riae.
1891 716 1986 752 Illud
2031 715 2041 759 '¹

250 769 413 819 profeeco
423 769 624 817 primarium
634 781 674 805 ac
683 770 817 804 summe
831 769 966 818 regium
976 769 1041 810 est,
1058 768 1208 816 suiipsius
1217 768 1353 816 Regem
1369 766 1453 808 effe,
1462 778 1690 815 mentemque
1699 766 1897 802 domesticae
1911 764 1983 801 bel·
2036 775 2038 779 ’

251 821 318 856 luae
332 817 423 867 quali
442 818 715 853 moderatricem
729 817 924 866 praeficere:
940 828 1057 865 neque
1073 829 1155 852 cum
1163 816 1306 852 infinitis
1321 817 1583 864 propemodum
1593 816 1796 851 hominibus
1811 812 1986 850 dominari
2036 856 2037 859 Ἴ

252 868 357 908 velis,
374 866 483 914 ipsum
492 863 725 914 turpiffimum
737 866 911 906 dominis,
930 866 1053 901 servire
1066 864 1255 913 voluptati,
1273 864 1407 905 dolori,
1422 864 1459 901 ὅ(
1473 875 1692 912 quaecunque
1708 865 1763 900 his
1776 862 1900 899 affines,
1915 860 1986 900 bel·
2036 887 2037 891 ,

253 916 318 952 luae
332 939 343 956 ,
363 915 504 950 suumin
513 914 654 950 animali
671 914 890 950 domicilium
904 915 1047 952 habent.
1097 916 1216 949 Aurea
1228 913 1305 949 haec
1314 912 1554 960 synefiiverba
1562 913 1638 948 sunt
1646 913 1908 948 Politicianimo
1919 911 1984 947 im-

250 965 435 1013 primenda
443 986 453 1003 ‚
471 973 557 999 utne
566 961 727 998 fluetibus
742 961 936 1011 pallionum
948 965 1113 1013 abreptus
1121 962 1197 1011 ipsae
1206 963 1322 1012 praeda
1329 962 1367 998 sit
1377 961 1587 1004 belluarum,
1599 961 1655 998 sed
1665 960 1795 998 bellum
1802 959 1926 998 belluis
1934 959 1987 997 in·
2036 997 2039 1004 ,

248 1013 355 1054 ierat,
374 1011 521 1049 affectus
533 1013 720 1060 gubernet.

602 1073 690 1105 Tunc
702 1076 804 1105 omnia
811 1076 880 1115 jure
889 1068 998 1105 tenebis
1005 1094 1017 1111 ‚

454 1116 534 1155 Ciam
541 1124 648 1169 poteri?
653 1123 719 1155 Rex
732 1121 781 1167 effe
791 1124 849 1155 tui.
901 1119 1130 1157 Claudianus.

837 1213 1313 1301 QUAESTIO
1364 1215 1435 1280 11.

483 1314 566 1366 De
571 1310 960 1385 proprietatibus
983 1315 1142 1362 maris
1153 1348 1170 1368 ,
1192 1311 1261 1372 ξδ’
1273 1315 1435 1382 primo
1449 1307 1506 1360 de
1509 1305 1769 1379 ſsalfhdt'm'.

395 1401 564 1440 Onclufio
579 1402 701 1451 prima.
752 1401 848 1435 Inter
855 1397 960 1434 maris
968 1397 1195 1445 proprietates
1205 1397 1357 1444 primum
1372 1396 1431 1432 fibi
1441 1397 1559 1433 locum
1576 1397 1731 1437 vindicat
1738 1394 1894 1436 Salsedo,
1909 1395 1991 1443 quia

395 1463 435 1490 ut
443 1451 656 1500 experientia
670 1448 820 1489 constat,
834 1458 929 1483 mare
941 1445 1099 1494 laporem
1117 1456 1161 1480 ex
1175 1445 1254 1480 salso
1270 1445 1306 1481 &
1320 1457 1441 1481 amaro
1458 1447 1670 1493 permixtum
1687 1447 1815 1485 habet,
1836 1445 1991 1492 ideoque

397 1513 493 1538 mare
507 1500 634 1536 dicitur
643 1500 683 1534 ab
693 1497 924 1533 amaritudine
936 1508 948 1540 3
963 1496 982 1530 a
994 1494 1157 1530 salsedine
1170 1492 1288 1529 salsum
1301 1493 1501 1542 appellatur.
1550 1495 1705 1530 Adverte
1712 1503 1831 1529 tamen
1840 1516 1850 1534 2
1860 1505 1935 1530 non
1945 1503 1992 1527 ae-
2035 1508 2036 1511 ¹

260 1554 401 1603 qualem
421 1550 481 1586 ubi
509 1561 554 1584 ue
585 1547 781 1583 salsedinem
790 1545 891 1581 maris
908 1543 986 1582 effe.
1036 1543 1171 1578 Pontus
1185 1543 1279 1578 enim
1288 1543 1441 1578 Euxinus
1458 1554 1533 1578 non
1549 1544 1595 1578 ita
1607 1543 1703 1578 salsus
1721 1542 1788 1581 est,
1803 1552 1842 1577 ut
1859 1553 1904 1576 eo
1920 1541 1992 1576 ani-

256 1603 360 1640 malia
370 1611 472 1647 nonp
515 1598 576 1633 lint
584 1595 877 1644 adaquarkideoqg,
886 1591 1245 1641 congelatunadeomt
1254 1591 1549 1639 subCopronymo
1560 1601 1702 1627 centum
1712 1590 1910 1627 milliarium
1920 1589 1991 1639 gla-
2035 1632 2036 1637 Ἰ

256 1652 329 1688 cies
338 1646 606 1699 plaustratulerit
621 1644 804 1680 altitudine
812 1642 951 1691 triginta
966 1640 1177 1678 cubitorum.
1225 1640 1363 1675 Oceani
1374 1649 1495 1675 autem
1504 1640 1617 1675 ultimi
1632 1638 1907 1688 leptentrionalis
1921 1637 1990 1687 gla-
2036 1670 2037 1673 ,

257 1701 352 1737 ciem
360 1698 473 1734 aestate
482 1696 585 1731 etiam
597 1692 823 1733 solstitialissex
831 1691 962 1739 pedum
973 1690 1155 1725 altitudine
1166 1700 1213 1723 nu
1240 1700 1277 1724 er
1284 1688 1676 1735 Hollandirepererunt.
1702 1687 1916 1736 Frigidarurn
1929 1698 1989 1721 zo-

257 1760 384 1785 narum
394 1747 562 1782 Oceanus
573 1744 689 1779 minus
699 1743 804 1777 habet
813 1739 998 1779 strlsedinis,
1009 1736 1199 1785 crelcitque
1221 1737 1327 1772 ensim
1341 1737 1557 1778 amaritudo,
1580 1739 1652 1784 quo
1668 1737 1835 1772 torridam
1849 1736 1993 1783 propius

257 1797 451 1834 acceditur.
483 1794 539 1829 Sic
549 1793 653 1828 etiam
663 1802 758 1826 mare
771 1799 943 1825 autumno
952 1788 988 1824 ὃς
996 1787 1109 1822 aestate
1117 1785 1225 1821 sallius
1236 1786 1299 1825 est,
1308 1798 1412 1833 quam
1421 1786 1563 1832 hyeme.
1614 1787 1663 1820 Ex
1676 1797 1747 1833 quo
1758 1783 1993 1820 universaliter
2036 1786 2038 1826 ᾗ

261 1845 462 1883 deducitur,
471 1841 577 1877 maria
587 1852 657 1887 quo
665 1839 830 1876 calidiora
838 1838 914 1872 sunt
922 1837 957 1872 ὅ(
965 1836 1052 1871 Solis
1065 1835 1181 1870 ardori
1191 1835 1298 1883 magis
1306 1834 1463 1882 opposita
1471 1857 1481 1873 ‚
1490 1846 1534 1869 eo
1547 1832 1669 1881 majori
1684 1833 1848 1882 salsugine
1863 1831 1992 1868 infecia
2036 1831 2038 1838 ’

259 1892 540 1942 comperiuntur,
590 1889 693 1924 Ratio
701 1887 766 1928 est,
777 1899 857 1922 nam
868 1885 928 1921 Sol
939 1883 1005 1932 maj
1011 1895 1110 1920 orem
1119 1883 1229 1919 dulcis
1241 1895 1337 1931 aquae
1346 1884 1484 1930 copiam
1494 1883 1620 1918 attollit
1628 1906 1638 1922 ,
1651 1883 1686 1918 ὃ(
1705 1883 1739 1917 in
1750 1892 1896 1929 vapores
1906 1893 1992 1916 con·
2035 1909 2038 1924 ζ

260 1943 384 1982 vertit,
393 1941 453 1989 qui
461 1939 545 1986 saepe
552 1937 666 1974 versus
676 1936 777 1984 polos
784 1935 957 1971 recidunt.
1008 1933 1175 1968 Praeterea
1189 1932 1248 1967 ubi
1260 1931 1402 1981 longior
1418 1931 1530 1967 imber
1542 1943 1639 1966 mare
1652 1933 1697 1966 de
1712 1930 1807 1966 coelo
1825 1930 1993 1979 perpluit,
2036 1940 2038 1982 ᾗ

260 1991 390 2028 autubi
400 1987 613 2036 majoraquae
623 1985 733 2021 dulcis
742 1985 843 2031 copia
851 1983 1020 2019 corrivata
1031 1993 1126 2017 mare
1134 1980 1264 2021 influit,
1272 1981 1389 2015 minus
1406 1979 1524 2015 salsum
1537 1979 1658 2017 existit.
1683 1980 1732 2014 Ita
1747 1979 1907 2014 inlittore
1916 1978 1993 2013 Ma·
2036 1989 2038 1999 ’

261 2041 393 2078 labrico
402 2037 575 2073 menssbus
584 2034 768 2084 praesertim
775 2031 979 2081 pluvialibus
988 2040 1130 2079 propter
1138 2041 1302 2078 magnam
1310 2041 1350 2077 aq
1356 2040 1406 2064 uae
1415 2029 1552 2076 copiam
1561 2051 1572 2068 2
1581 2041 1656 2074 quae
1665 2040 1707 2063 ex
1716 2028 1892 2063 montium
1897 2024 1993 2076 jugis
2036 2043 2039 2073 ³,

261 2089 450 2127 delabitur,
458 2097 583 2133 aquam
591 2083 714 2120 oceani
724 2094 815 2130 pene
824 2080 963 2117 dulcem
972 2079 1207 2127 experiuntur.
1259 2078 1427 2125 Cumque
1441 2078 1476 2112 in
1485 2077 1572 2112 locis
1582 2077 1782 2113 Borealibus
1796 2088 1858 2124 per
1874 2086 1992 2111 totum
2036 2087 2039 2116 ξ

261 2139 338 2175 fere
346 2147 477 2173 annum
487 2135 598 2181 pluat,
607 2132 748 2172 fitinde,
756 2141 795 2166 ut
803 2141 956 2166 oceanus
966 2129 1070 2165 etiam
1082 2126 1355 2176 septentrionalis
1373 2126 1489 2161 minus
1498 2126 1623 2161 habeat
1633 2124 1812 2164 salsedini5‚
1864 2125 1992 2173 Ingen-

263 2197 316 2223 tes
324 2196 469 2234 quoque
478 2183 574 2219 fluvii
591 2182 651 2230 qui
666 2192 792 2229 magna
801 2190 968 2226 aquarum
979 2177 1135 2212 dulcium
1145 2176 1246 2224 copia
1255 2176 1289 2210 in
1299 2187 1393 2210 mare
1403 2174 1433 2210 se
1443 2174 1475 2210 se
1485 2184 1677 2210 exonerant
1686 2197 1696 2214 ,
1714 2173 1911 2209 salsedinem
1920 2185 1991 2208 ma-

264 2236 311 2272 ris
321 2226 415 2269 haud
423 2232 647 2268 mediocriter
660 2236 903 2277 attemperant.
956 2227 1005 2262 Ita
1013 2224 1137 2262 fluvius
1153 2224 1210 2259 ille
1225 2235 1373 2273 magnus
1387 2223 1560 2260 inBrafilia
1567 2246 1576 2263 ,
1592 2222 1699 2272 vulgo
1707 2226 1760 2256 Rt’o
1768 2222 1843 2256 della
1848 2224 1929 2269 plata
1943 2222 1992 2257 di-
2036 2224 2038 2249 ἵ

265 2284 530 2325 ἃυς,οεεειι;ιυῐῃ
540 2278 688 2315 influens
698 2276 855 2325 ejusdem
863 2286 967 2323 aquas
977 2275 1062 2310 ultra
1073 2285 1110 2318 15.
1119 2273 1270 2309 milliaria
1279 2274 1323 2308 ita
1332 2281 1537 2320 attemperat
1547 2272 1629 2307 utin
1637 2281 1735 2320 grato
1745 2270 1938 2306 dulcedinis
1946 2270 1992 2306 la-
2037 2273 2040 2313 ξ

266 2344 356 2382 pore
365 2329 569 2380 perseveret.
620 2329 718 2363 Idem
725 2326 797 2362 fere
811 2324 987 2373 contingit
995 2324 1029 2358 in
1040 2324 1155 2359 Africa
1163 2345 1172 2362 ‚
1182 2322 1237 2358 ubi
1245 2321 1350 2357 Zaire
1359 2320 1483 2357 fluvius
1491 2321 1526 2356 in
1536 2321 1724 2356 Oceanum
1735 2319 1942 2355 infunditur.
2038 2362 2041 2367 ι

368 2378 557 2417 Conclulio
576 2376 736 2412 secunda.
786 2374 874 2409 Hoee
881 2373 984 2408 maris
996 2372 1120 2407 salsedo
1131 2383 1204 2406 non
1214 2371 1375 2418 provenit
1382 2380 1547 2417 tanquam
1558 2381 1599 2404 ex
1610 2369 1712 2404 unica
1721 2368 1818 2404 caula
1827 2366 1992 2403 exmulti-
2038 2407 2039 2410 Ἴ

270 2429 395 2466 tudine
404 2427 664 2464 exhalationurn
677 2422 872 2460 adustarum
882 2444 891 2462 ,
900 2432 983 2469 quas
992 2421 1109 2456 eterra
1117 2419 1175 2455 Sol
1184 2420 1302 2455 educit
1309 2442 1320 2459 ‚
1334 2419 1517 2466 ventisque
1526 2417 1646 2453 delatae
1663 2418 1699 2452 in
1707 2428 1803 2452 mare
1811 2417 1993 2456 decidunt,
2035 2426 2040 2454 ;

271 2480 309 2515 &
318 2490 400 2515 cum
410 2489 498 2524 aqua
505 2475 703 2511 miscentur.
755 2472 856 2507 Ratio
872 2470 919 2505 est
926 2470 1057 2518 primo:
1073 2469 1152 2516 quia
1160 2468 1413 2507 exhalationes,
1428 2478 1513 2515 quas
1528 2467 1547 2501 e
1563 2466 1716 2501 terraSol
1731 2465 1850 2501 educit
1859 2465 1895 2500 ἀ
1909 2466 1993 2500 adu·

273 2529 335 2567 rit,
350 2526 595 2563 nonvidentur
603 2521 808 2558 sufficeread
822 2528 939 2555 totum
953 2529 1049 2553 mare
1067 2517 1255 2553 saliendum
1267 2539 1277 2555 2
1291 2516 1475 2564 praesertim
1490 2515 1690 2550 incurrente
1703 2523 1797 2549 tanta
1809 2512 1996 2550 fluminum
2038 2552 2041 2560 y

273 2576 385 2624 cop-ia.
435 2574 618 2612 Secundo,
627 2570 706 2619 quia
715 2569 817 2605 etiam
830 2567 974 2603 flumina
982 2590 992 2607 ,
1000 2567 1134 2606 fontes,
1144 2566 1238 2601 lacus
1249 2565 1284 2600 ὅ(
1294 2564 1438 2612 paludes
1446 2565 1576 2599 habent
1584 2561 1788 2610 hujusmodi
1801 2561 1992 2598 exhalatio·
2036 2566 2042 2602 ξ

272 2636 337 2661 nes
345 2633 403 2660 aut
411 2623 642 2658 admiscentur
649 2618 712 2654 illis
720 2618 880 2654 &tamen
893 2627 968 2651 non
976 2615 1190 2651 contrahunt
1198 2613 1407 2651 salsedinem.
1419 2613 1553 2651 Tertio,
1562 2613 1641 2659 quia
1651 2623 1732 2646 cum
1742 2622 1784 2646 ex
1793 2611 1908 2659 aliquo
1918 2622 1997 2646 cor-
2039 2639 2041 2643 Α

272 2685 361 2723 pore
369 2672 402 2707 vi
411 2671 532 2707 caloris
541 2679 599 2706 aut
608 2668 696 2718 ignis
705 2667 884 2703 elevantur
893 2664 1129 2700 exhalationes
1138 2686 1147 2702 ,
1158 2663 1256 2710 quod
1271 2662 1424 2697 elevatur
1432 2673 1506 2696 non
1517 2661 1563 2696 est
1573 2663 1617 2695 ita
1628 2659 1744 2695 salsum
1752 2683 1762 2700 ,
1771 2659 1828 2694 sed
1842 2670 1918 2708 pars
1929 2671 1995 2707 po·
2038 2663 2041 2705 J

276 2724 345 2759 tius
358 2719 441 2760 fixa,
456 2731 531 2767 quae
545 2727 720 2757 remanet,
738 2715 786 2751 est
803 2713 894 2755 firlsa,
913 2722 1009 2762 patet
1024 2713 1096 2748 hoc
1112 2710 1337 2750 induElione2
1352 2723 1433 2745 nam
1446 2710 1469 2745 si
1489 2721 1578 2757 aqua
1597 2709 1671 2743 salsa
1685 2708 1862 2743 distilletur
1873 2731 1884 2748 ,
1898 2707 1997 2756 quod

278 2771 431 2808 elevatur
446 2768 492 2803 est
507 2767 708 2815 insipidum,
725 2764 764 2800 sal
779 2762 979 2799 remanetin
993 2762 1106 2796 fundo
1123 2773 1135 2806 3
1150 2760 1187 2795 in
1202 2760 1281 2796 cibo
1299 2768 1522 2794 excrementa
1534 2781 1547 2798 ,
1562 2769 1638 2805 quse
1650 2757 1822 2792 l'ublidunt
1835 2757 1871 2792 &
1883 2768 1992 2792 rema-

277 2817 464 2858 nent2sunt
473 2816 547 2851 salsa
557 2828 586 2850 e.
596 2829 627 2862 g,
635 2815 735 2850 urina
745 2812 792 2848 est
806 2809 1138 2859 salsa&generaliter
1157 2821 1238 2844 cum
1252 2808 1382 2854 aliquid
1398 2807 1633 2847 comburitur,
1649 2806 1735 2842 cinis
1748 2816 1932 2841 remanens
1949 2804 1997 2840 est
2039 2818 2044 2838 ε

276 2864 584 2912 lalli1521deoqr1efi
595 2854 689 2910 ⁸aqua
704 2874 765 2910 per
780 2862 935 2897 cinerem
952 2859 1105 2899 coletur,
1114 2857 1152 2893 fit
1164 2857 1338 2897 lixivium,
1355 2857 1452 2904 quod
1465 2855 1513 2891 est
1527 2854 1656 2890 salsum.
1706 2855 1842 2901 Qarto
1855 2877 1865 2895 ,
1882 2854 1960 2901 quia
1974 2853 1996 2889 fi
2038 2858 2043 2865 '

275 2914 482 2963 hujusmodi
492 2912 728 2948 exhalationes
742 2921 839 2958 aquae
851 2909 1011 2945 admixtae
1024 2930 1035 2948 ‚
1051 2918 1126 2942 eam
1143 2906 1255 2941 (alsam
1271 2904 1451 2941 efficerent
1463 2927 1474 2945 ‚
1490 2904 1592 2939 etiam
1607 2903 1722 2951 pluvia
1734 2903 1771 2939 ὅ(
1784 2903 1859 2943 nix,
1873 2902 1997 2950 quibus
2037 2923 2042 2930 ·

277 2965 442 3001 immixtae
457 2962 533 2997 sunt
541 2960 624 2997 tales
634 2959 871 2995 exhalationes
878 2981 888 2999 ‚
897 2957 1065 2992 deberent
1075 2954 1142 2991 effe
1150 2954 1232 2990 salsae
1240 2977 1250 2994 ,
1265 2955 1362 3002 quod
1370 2964 1488 2989 tamen
1498 2952 1545 2988 est
1552 2962 1673 2988 contra
1683 2951 1942 2999 experientiam.

377 3012 488 3059 Qod
497 3021 615 3046 tamen
623 3007 791 3056 praedic‘tae
805 3006 1042 3042 exhalationes
1052 3003 1176 3039 adustae
1191 3003 1319 3051 aliquid
1329 3003 1529 3042 conferant,
1544 3012 1618 3036 non
1627 3000 1775 3036 omnino
1790 2998 1998 3046 improbabi-

255 3077 257 3080 ’
275 3062 310 3098 le
318 3060 375 3100 est.
426 3061 518 3095 Nam
528 3059 623 3106 sapor
632 3056 726 3092 salsus
736 3056 899 3104 provenit
908 3056 1010 3097 etiam
1021 3052 1278 3100 ¹&permixtione
1288 3051 1466 3087 humidi&
1475 3050 1552 3085 ficei
1560 3049 1667 3085 adusti
1677 3049 1695 3084 a
1712 3047 1843 3087 calore,
1858 3059 1933 3082 non
1947 3057 1995 3083 ta-

276 3122 361 3146 men
371 3120 413 3144 ex
425 3105 667 3145 toto‹1ec0&i‚
681 3114 821 3152 utpatet
834 3105 868 3139 in
883 3101 1166 3149 sudore,lixivit3‚
1177 3100 1251 3135 ralis
1263 3110 1378 3135 autem
1394 3099 1526 3134 adustio
1538 3097 1628 3133 estin
1643 3097 1787 3133 terrenis
1808 3095 2008 3146 exhalatio·¹
2033 3105 2038 3156 ῗ

274 3159 378 3194 nibus
395 3156 480 3192 mari
496 3155 684 3203 permixtis
734 3152 906 3201 Analogia
916 3151 962 3187 est
971 3151 1074 3186 etiam
1083 3151 1124 3185 ab
1134 3151 1290 3184 humano
1306 3159 1473 3197 corpore,
1488 3147 1524 3183 in
1532 3158 1604 3195 quo
1619 3146 1713 3183 calor
1727 3145 1862 3183 nativus
1877 3144 1996 3180 dulces
2033 3157 2037 3192 ς

277 3207 383 3244 etiam
399 3205 542 3242 cibosin
558 3203 675 3240 salsum
682 3202 874 3240 humorem
887 3200 1057 3238 resolvere
1073 3197 1263 3236 consuevit.
