<?xml version="1.0" encoding="UTF-8"?>
<!DOCTYPE html PUBLIC "-//W3C//DTD XHTML 1.0 Transitional//EN"
    "http://www.w3.org/TR/xhtml1/DTD/xhtml1-transitional.dtd">
<html xmlns="http://www.w3.org/1999/xhtml" xml:lang="en" lang="en">
 <head>
  <title>
</title>
<meta http-equiv="Content-Type" content="text/html;charset=utf-8" />
  <meta name='ocr-system' content='tesseract 3.04.00' />
  <meta name='ocr-capabilities' content='ocr_page ocr_carea ocr_par ocr_line ocrx_word'/>
</head>
<body>
  <div class='ocr_page' id='page_1' title='image "./meteorologiaphil00rein/meteorologiaphil00rein_0152.png"; bbox 0 0 2054 3496; ppageno 0'>
   <div class='ocr_carea' id='block_1_1' title="bbox 242 146 1270 221">
    <p class='ocr_par' dir='ltr' id='par_1_1' title="bbox 242 146 1270 221">
     <span class='ocr_line' id='line_1_1' title="bbox 242 146 1270 221; baseline -0.01 -15"><span class='ocrx_word' id='word_1_1' title='bbox 242 169 342 221; x_wconf 81' lang='lat'>140</span> <span class='ocrx_word' id='word_1_2' title='bbox 907 146 1270 219; x_wconf 81' lang='lat' dir='ltr'>Meteorologia</span> 
     </span>
    </p>
   </div>
   <div class='ocr_carea' id='block_1_2' title="bbox 231 224 2025 2693">
    <p class='ocr_par' dir='ltr' id='par_1_2' title="bbox 240 224 2025 856">
     <span class='ocr_line' id='line_1_2' title="bbox 340 224 1965 277; baseline -0.004 -10"><span class='ocrx_word' id='word_1_3' title='bbox 340 231 461 267; x_wconf 75' lang='lat' dir='ltr'>Tertio</span> <span class='ocrx_word' id='word_1_4' title='bbox 471 229 866 271; x_wconf 80' lang='lat' dir='ltr'>,Piscibus,.vermibus&#39;,</span> <span class='ocrx_word' id='word_1_5' title='bbox 873 230 964 265; x_wconf 84' lang='lat' dir='ltr'>ranis</span> <span class='ocrx_word' id='word_1_6' title='bbox 983 229 1096 277; x_wconf 82' lang='lat' dir='ltr'>potest</span> <span class='ocrx_word' id='word_1_7' title='bbox 1105 229 1239 277; x_wconf 78' lang='lat' dir='ltr'>pluere,</span> <span class='ocrx_word' id='word_1_8' title='bbox 1255 228 1311 264; x_wconf 85' lang='lat' dir='ltr'>vel</span> <span class='ocrx_word' id='word_1_9' title='bbox 1328 228 1471 276; x_wconf 84' lang='lat' dir='ltr'>quando</span> <span class='ocrx_word' id='word_1_10' title='bbox 1483 226 1611 264; x_wconf 83' lang='lat' dir='ltr'>viscosa</span> <span class='ocrx_word' id='word_1_11' title='bbox 1625 225 1801 262; x_wconf 77' lang='lat' dir='ltr'>exhalatio</span> <span class='ocrx_word' id='word_1_12' title='bbox 1810 248 1821 266; x_wconf 93' lang='lat'>,</span> <span class='ocrx_word' id='word_1_13' title='bbox 1833 224 1871 262; x_wconf 76' lang='grc' dir='ltr'>ἀ</span> <span class='ocrx_word' id='word_1_14' title='bbox 1880 225 1965 274; x_wconf 84' lang='lat' dir='ltr'>sper-</span> 
     </span>
     <span class='ocr_line' id='line_1_3' title="bbox 243 274 2017 326; baseline -0.003 -10"><span class='ocrx_word' id='word_1_15' title='bbox 243 281 370 317; x_wconf 72' lang='lat' dir='ltr'>marica</span> <span class='ocrx_word' id='word_1_16' title='bbox 386 279 559 315; x_wconf 63' lang='lat' dir='ltr'>dietorum</span> <span class='ocrx_word' id='word_1_17' title='bbox 576 278 776 313; x_wconf 89' lang='lat' dir='ltr'>animalium</span> <span class='ocrx_word' id='word_1_18' title='bbox 793 278 994 326; x_wconf 81' lang='lat' dir='ltr'>corpuscula</span> <span class='ocrx_word' id='word_1_19' title='bbox 1012 280 1080 313; x_wconf 71' lang='lat' dir='ltr'>una</span> <span class='ocrx_word' id='word_1_20' title='bbox 1098 289 1178 312; x_wconf 89' lang='lat' dir='ltr'>cum</span> <span class='ocrx_word' id='word_1_21' title='bbox 1192 288 1322 324; x_wconf 87' lang='lat' dir='ltr'>vapore</span> <span class='ocrx_word' id='word_1_22' title='bbox 1337 281 1450 324; x_wconf 83' lang='lat' dir='ltr'>aqueo</span> <span class='ocrx_word' id='word_1_23' title='bbox 1459 288 1502 312; x_wconf 84' lang='lat' dir='ltr'>ex</span> <span class='ocrx_word' id='word_1_24' title='bbox 1517 276 1640 325; x_wconf 87' lang='lat' dir='ltr'>stagnis</span> <span class='ocrx_word' id='word_1_25' title='bbox 1651 274 1687 311; x_wconf 77' lang='grc' dir='ltr'>ὅ(</span> <span class='ocrx_word' id='word_1_26' title='bbox 1701 275 1883 322; x_wconf 85' lang='lat' dir='ltr'>paludibus</span> <span class='ocrx_word' id='word_1_27' title='bbox 1898 274 1969 311; x_wconf 84' lang='lat' dir='ltr'>ele·</span> <span class='ocrx_word' id='word_1_28' title='bbox 2015 304 2017 313; x_wconf 55' lang='lat'>.</span> 
     </span>
     <span class='ocr_line' id='line_1_4' title="bbox 243 325 2017 373; baseline -0.004 -9"><span class='ocrx_word' id='word_1_29' title='bbox 243 339 321 365; x_wconf 85' lang='lat' dir='ltr'>vata</span> <span class='ocrx_word' id='word_1_30' title='bbox 335 329 525 363; x_wconf 84' lang='lat' dir='ltr'>accedente</span> <span class='ocrx_word' id='word_1_31' title='bbox 533 326 648 362; x_wconf 90' lang='lat' dir='ltr'>calore</span> <span class='ocrx_word' id='word_1_32' title='bbox 657 326 745 361; x_wconf 88' lang='lat' dir='ltr'>Solis</span> <span class='ocrx_word' id='word_1_33' title='bbox 760 326 852 361; x_wconf 82' lang='lat' dir='ltr'>varie</span> <span class='ocrx_word' id='word_1_34' title='bbox 862 326 1149 365; x_wconf 81' lang='lat' dir='ltr'>commiscentur,</span> <span class='ocrx_word' id='word_1_35' title='bbox 1165 326 1267 372; x_wconf 75' lang='lat' dir='ltr'>atque</span> <span class='ocrx_word' id='word_1_36' title='bbox 1277 328 1318 359; x_wconf 86' lang='lat' dir='ltr'>ad</span> <span class='ocrx_word' id='word_1_37' title='bbox 1329 325 1627 373; x_wconf 84' lang='lat' dir='ltr'>illudperveniunt</span> <span class='ocrx_word' id='word_1_38' title='bbox 1642 332 1969 371; x_wconf 85' lang='lat' dir='ltr'>temperamentum,</span> <span class='ocrx_word' id='word_1_39' title='bbox 2013 327 2017 365; x_wconf 52' lang='grc' dir='ltr'>’ξ</span> 
     </span>
     <span class='ocr_line' id='line_1_5' title="bbox 244 371 2017 423; baseline -0.004 -11"><span class='ocrx_word' id='word_1_40' title='bbox 244 387 284 412; x_wconf 92' lang='lat' dir='ltr'>ut</span> <span class='ocrx_word' id='word_1_41' title='bbox 296 377 338 411; x_wconf 93' lang='lat' dir='ltr'>ad</span> <span class='ocrx_word' id='word_1_42' title='bbox 353 377 502 411; x_wconf 88' lang='lat' dir='ltr'>formam</span> <span class='ocrx_word' id='word_1_43' title='bbox 520 375 668 410; x_wconf 87' lang='lat' dir='ltr'>viventis</span> <span class='ocrx_word' id='word_1_44' title='bbox 685 375 843 423; x_wconf 80' lang='lat' dir='ltr'>proxime</span> <span class='ocrx_word' id='word_1_45' title='bbox 857 374 1012 423; x_wconf 84' lang='lat' dir='ltr'>disposita</span> <span class='ocrx_word' id='word_1_46' title='bbox 1027 377 1068 410; x_wconf 85' lang='lat' dir='ltr'>ab</span> <span class='ocrx_word' id='word_1_47' title='bbox 1077 375 1237 411; x_wconf 82' lang='lat' dir='ltr'>Authore</span> <span class='ocrx_word' id='word_1_48' title='bbox 1254 383 1381 409; x_wconf 57' lang='lat' dir='ltr'>natur-e</span> <span class='ocrx_word' id='word_1_49' title='bbox 1397 375 1501 409; x_wconf 84' lang='lat' dir='ltr'>vitam</span> <span class='ocrx_word' id='word_1_50' title='bbox 1511 395 1521 414; x_wconf 86' lang='lat'>,</span> <span class='ocrx_word' id='word_1_51' title='bbox 1538 372 1750 419; x_wconf 77' lang='lat' dir='ltr'>motumque</span> <span class='ocrx_word' id='word_1_52' title='bbox 1765 371 1969 418; x_wconf 83' lang='lat' dir='ltr'>obtineant3</span> <span class='ocrx_word' id='word_1_53' title='bbox 2014 388 2017 419; x_wconf 38' lang='grc' dir='ltr'>ἦ]</span> 
     </span>
     <span class='ocr_line' id='line_1_6' title="bbox 240 419 2017 471; baseline -0.003 -11"><span class='ocrx_word' id='word_1_54' title='bbox 240 437 318 460; x_wconf 82' lang='lat' dir='ltr'>non</span> <span class='ocrx_word' id='word_1_55' title='bbox 326 425 442 464; x_wconf 88' lang='lat' dir='ltr'>aliter,</span> <span class='ocrx_word' id='word_1_56' title='bbox 459 424 563 471; x_wconf 83' lang='lat' dir='ltr'>quam</span> <span class='ocrx_word' id='word_1_57' title='bbox 577 425 635 459; x_wconf 81' lang='lat' dir='ltr'>hic</span> <span class='ocrx_word' id='word_1_58' title='bbox 650 424 686 458; x_wconf 90' lang='lat' dir='ltr'>in</span> <span class='ocrx_word' id='word_1_59' title='bbox 701 432 790 458; x_wconf 87' lang='lat' dir='ltr'>terra</span> <span class='ocrx_word' id='word_1_60' title='bbox 804 434 920 459; x_wconf 84' lang='lat' dir='ltr'>mures</span> <span class='ocrx_word' id='word_1_61' title='bbox 934 446 944 463; x_wconf 92' lang='lat'>,</span> <span class='ocrx_word' id='word_1_62' title='bbox 958 434 1054 458; x_wconf 86' lang='lat' dir='ltr'>ranas</span> <span class='ocrx_word' id='word_1_63' title='bbox 1069 422 1159 458; x_wconf 87' lang='lat' dir='ltr'>nasci</span> <span class='ocrx_word' id='word_1_64' title='bbox 1179 423 1350 457; x_wconf 81' lang='lat' dir='ltr'>videmus.</span> <span class='ocrx_word' id='word_1_65' title='bbox 1403 422 1459 457; x_wconf 91' lang='lat' dir='ltr'>Sic</span> <span class='ocrx_word' id='word_1_66' title='bbox 1479 422 1515 456; x_wconf 90' lang='lat' dir='ltr'>in</span> <span class='ocrx_word' id='word_1_67' title='bbox 1532 420 1663 456; x_wconf 88' lang='lat' dir='ltr'>Martiis</span> <span class='ocrx_word' id='word_1_68' title='bbox 1682 420 1822 456; x_wconf 90' lang='lat' dir='ltr'>nivibus</span> <span class='ocrx_word' id='word_1_69' title='bbox 1839 419 1971 455; x_wconf 75' lang='lat' dir='ltr'>diutius</span> <span class='ocrx_word' id='word_1_70' title='bbox 2016 424 2017 433; x_wconf 65' lang='lat'>¹</span> 
     </span>
     <span class='ocr_line' id='line_1_7' title="bbox 241 467 2023 518; baseline -0.002 -9"><span class='ocrx_word' id='word_1_71' title='bbox 241 472 532 510; x_wconf 82' lang='lat' dir='ltr'>asservatismures</span> <span class='ocrx_word' id='word_1_72' title='bbox 543 480 642 507; x_wconf 89' lang='lat' dir='ltr'>natos</span> <span class='ocrx_word' id='word_1_73' title='bbox 651 472 813 509; x_wconf 85' lang='lat' dir='ltr'>vidimus.</span> <span class='ocrx_word' id='word_1_74' title='bbox 865 472 906 507; x_wconf 87' lang='lat' dir='ltr'>Et</span> <span class='ocrx_word' id='word_1_75' title='bbox 920 472 1024 507; x_wconf 86' lang='lat' dir='ltr'>curin</span> <span class='ocrx_word' id='word_1_76' title='bbox 1036 476 1114 505; x_wconf 79' lang='lat' dir='ltr'>a&#39;e‘re</span> <span class='ocrx_word' id='word_1_77' title='bbox 1125 482 1197 505; x_wconf 91' lang='lat' dir='ltr'>non</span> <span class='ocrx_word' id='word_1_78' title='bbox 1209 468 1310 518; x_wconf 72' lang='lat' dir='ltr'>possit</span> <span class='ocrx_word' id='word_1_79' title='bbox 1320 479 1456 510; x_wconf 85' lang='lat' dir='ltr'>natura,</span> <span class='ocrx_word' id='word_1_80' title='bbox 1465 471 1562 517; x_wconf 88' lang='lat' dir='ltr'>quod</span> <span class='ocrx_word' id='word_1_81' title='bbox 1577 480 1629 504; x_wconf 89' lang='lat' dir='ltr'>ars</span> <span class='ocrx_word' id='word_1_82' title='bbox 1642 467 1813 517; x_wconf 88' lang='lat' dir='ltr'>praesumit</span> <span class='ocrx_word' id='word_1_83' title='bbox 1825 468 1861 503; x_wconf 92' lang='lat' dir='ltr'>in</span> <span class='ocrx_word' id='word_1_84' title='bbox 1870 478 1970 504; x_wconf 88' lang='lat' dir='ltr'>terra.</span> <span class='ocrx_word' id='word_1_85' title='bbox 2016 498 2023 508; x_wconf 92' lang='grc'><strong>,</strong></span> 
     </span>
     <span class='ocr_line' id='line_1_8' title="bbox 249 515 1971 570; baseline -0.002 -14"><span class='ocrx_word' id='word_1_86' title='bbox 249 522 323 570; x_wconf 87' lang='lat' dir='ltr'>Qui</span> <span class='ocrx_word' id='word_1_87' title='bbox 339 531 474 556; x_wconf 88' lang='lat' dir='ltr'>veteres</span> <span class='ocrx_word' id='word_1_88' title='bbox 490 520 678 555; x_wconf 89' lang='lat' dir='ltr'>lumbricos</span> <span class='ocrx_word' id='word_1_89' title='bbox 692 520 834 555; x_wconf 82' lang='lat' dir='ltr'>siccatos</span> <span class='ocrx_word' id='word_1_90' title='bbox 854 519 889 554; x_wconf 89' lang='lat' dir='ltr'>in</span> <span class='ocrx_word' id='word_1_91' title='bbox 903 519 1072 567; x_wconf 83' lang='lat' dir='ltr'>pollinem</span> <span class='ocrx_word' id='word_1_92' title='bbox 1086 520 1261 568; x_wconf 79' lang='lat' dir='ltr'>redegerit</span> <span class='ocrx_word' id='word_1_93' title='bbox 1274 542 1284 558; x_wconf 86' lang='lat'>,</span> <span class='ocrx_word' id='word_1_94' title='bbox 1298 518 1434 565; x_wconf 74' lang='lat' dir='ltr'>valique</span> <span class='ocrx_word' id='word_1_95' title='bbox 1449 529 1538 553; x_wconf 88' lang='lat' dir='ltr'>terra</span> <span class='ocrx_word' id='word_1_96' title='bbox 1558 517 1701 566; x_wconf 82' lang='lat' dir='ltr'>pingui,</span> <span class='ocrx_word' id='word_1_97' title='bbox 1717 516 1755 552; x_wconf 74' lang='grc' dir='ltr'>ὅ(</span> <span class='ocrx_word' id='word_1_98' title='bbox 1773 516 1863 564; x_wconf 66' lang='lat' dir='ltr'>aqua</span> <span class='ocrx_word' id='word_1_99' title='bbox 1876 515 1971 553; x_wconf 89' lang='lat' dir='ltr'>dulci</span> 
     </span>
     <span class='ocr_line' id='line_1_9' title="bbox 245 564 2020 617; baseline -0.003 -12"><span class='ocrx_word' id='word_1_100' title='bbox 245 569 381 617; x_wconf 85' lang='lat' dir='ltr'>repleto</span> <span class='ocrx_word' id='word_1_101' title='bbox 399 568 592 608; x_wconf 80' lang='lat' dir='ltr'>immiserit,</span> <span class='ocrx_word' id='word_1_102' title='bbox 609 580 648 603; x_wconf 90' lang='lat' dir='ltr'>ac</span> <span class='ocrx_word' id='word_1_103' title='bbox 663 568 1126 615; x_wconf 85' lang='lat' dir='ltr'>perintervallairroraverit,</span> <span class='ocrx_word' id='word_1_104' title='bbox 1146 568 1323 616; x_wconf 76' lang='lat' dir='ltr'>ingentem</span> <span class='ocrx_word' id='word_1_105' title='bbox 1334 567 1429 614; x_wconf 78' lang='lat' dir='ltr'>previ</span> <span class='ocrx_word' id='word_1_106' title='bbox 1443 567 1695 603; x_wconf 89' lang='lat' dir='ltr'>lumbricorum</span> <span class='ocrx_word' id='word_1_107' title='bbox 1708 564 1972 600; x_wconf 84' lang='lat' dir='ltr'>multitudinem</span> <span class='ocrx_word' id='word_1_108' title='bbox 2018 586 2020 612; x_wconf 77' lang='lat' dir='ltr'>l</span> 
     </span>
     <span class='ocr_line' id='line_1_10' title="bbox 249 612 1970 665; baseline -0.003 -13"><span class='ocrx_word' id='word_1_109' title='bbox 249 618 398 665; x_wconf 81' lang='lat' dir='ltr'>aspiciet.</span> <span class='ocrx_word' id='word_1_110' title='bbox 450 617 562 652; x_wconf 86' lang='lat' dir='ltr'>Ranas</span> <span class='ocrx_word' id='word_1_111' title='bbox 571 615 824 664; x_wconf 63' lang='lat' dir='ltr'>producturus,</span> <span class='ocrx_word' id='word_1_112' title='bbox 841 615 962 651; x_wconf 91' lang='lat' dir='ltr'>limum</span> <span class='ocrx_word' id='word_1_113' title='bbox 973 640 982 655; x_wconf 94' lang='lat'>,</span> <span class='ocrx_word' id='word_1_114' title='bbox 999 617 1030 650; x_wconf 90' lang='lat' dir='ltr'>in</span> <span class='ocrx_word' id='word_1_115' title='bbox 1042 628 1111 662; x_wconf 84' lang='lat' dir='ltr'>quo</span> <span class='ocrx_word' id='word_1_116' title='bbox 1121 616 1282 663; x_wconf 82' lang='lat' dir='ltr'>paussres</span> <span class='ocrx_word' id='word_1_117' title='bbox 1292 627 1380 649; x_wconf 77' lang='lat' dir='ltr'>ranae</span> <span class='ocrx_word' id='word_1_118' title='bbox 1396 615 1541 650; x_wconf 78' lang='lat' dir='ltr'>nidulari</span> <span class='ocrx_word' id='word_1_119' title='bbox 1552 613 1680 654; x_wconf 83' lang='lat' dir='ltr'>solent,</span> <span class='ocrx_word' id='word_1_120' title='bbox 1693 612 1854 661; x_wconf 85' lang='lat' dir='ltr'>accipiat,</span> <span class='ocrx_word' id='word_1_121' title='bbox 1863 612 1970 649; x_wconf 86' lang='lat' dir='ltr'>&amp;So-</span> 
     </span>
     <span class='ocr_line' id='line_1_11' title="bbox 250 661 1971 713; baseline -0.003 -12"><span class='ocrx_word' id='word_1_122' title='bbox 250 667 273 701; x_wconf 88' lang='lat' dir='ltr'>li</span> <span class='ocrx_word' id='word_1_123' title='bbox 291 665 480 713; x_wconf 82' lang='lat' dir='ltr'>expositum</span> <span class='ocrx_word' id='word_1_124' title='bbox 500 665 615 713; x_wconf 63' lang='lat' dir='ltr'>tepida</span> <span class='ocrx_word' id='word_1_125' title='bbox 631 664 747 699; x_wconf 84' lang='lat' dir='ltr'>senlim</span> <span class='ocrx_word' id='word_1_126' title='bbox 763 665 879 712; x_wconf 82' lang='lat' dir='ltr'>irriget</span> <span class='ocrx_word' id='word_1_127' title='bbox 894 687 904 705; x_wconf 90' lang='lat'>,</span> <span class='ocrx_word' id='word_1_128' title='bbox 918 664 1020 699; x_wconf 81' lang='lat' dir='ltr'>limus</span> <span class='ocrx_word' id='word_1_129' title='bbox 1039 665 1096 699; x_wconf 86' lang='lat' dir='ltr'>hic</span> <span class='ocrx_word' id='word_1_130' title='bbox 1110 663 1292 699; x_wconf 53' lang='lat' dir='ltr'>calefatlus</span> <span class='ocrx_word' id='word_1_131' title='bbox 1305 665 1472 712; x_wconf 78' lang='lat' dir='ltr'>grandem</span> <span class='ocrx_word' id='word_1_132' title='bbox 1486 675 1648 698; x_wconf 85' lang='lat' dir='ltr'>ranarum</span> <span class='ocrx_word' id='word_1_133' title='bbox 1666 673 1853 697; x_wconf 90' lang='lat' dir='ltr'>numerum</span> <span class='ocrx_word' id='word_1_134' title='bbox 1864 661 1971 697; x_wconf 89' lang='lat' dir='ltr'>dabit.</span> 
     </span>
     <span class='ocr_line' id='line_1_12' title="bbox 248 709 2020 761; baseline -0.003 -11"><span class='ocrx_word' id='word_1_135' title='bbox 248 715 378 751; x_wconf 86' lang='lat' dir='ltr'>Eadem</span> <span class='ocrx_word' id='word_1_136' title='bbox 387 723 458 748; x_wconf 86' lang='lat' dir='ltr'>arte</span> <span class='ocrx_word' id='word_1_137' title='bbox 477 713 647 761; x_wconf 80' lang='lat' dir='ltr'>serpentes</span> <span class='ocrx_word' id='word_1_138' title='bbox 655 723 873 761; x_wconf 83' lang='lat' dir='ltr'>generantur.</span> <span class='ocrx_word' id='word_1_139' title='bbox 924 713 1089 748; x_wconf 82' lang='lat' dir='ltr'>Secundo</span> <span class='ocrx_word' id='word_1_140' title='bbox 1099 735 1108 752; x_wconf 94' lang='lat'>,</span> <span class='ocrx_word' id='word_1_141' title='bbox 1124 712 1285 747; x_wconf 84' lang='lat' dir='ltr'>similibus</span> <span class='ocrx_word' id='word_1_142' title='bbox 1298 711 1500 747; x_wconf 81' lang='lat' dir='ltr'>animalibus</span> <span class='ocrx_word' id='word_1_143' title='bbox 1508 711 1627 759; x_wconf 80' lang='lat' dir='ltr'>pluere</span> <span class='ocrx_word' id='word_1_144' title='bbox 1635 709 1747 758; x_wconf 91' lang='lat' dir='ltr'>potest</span> <span class='ocrx_word' id='word_1_145' title='bbox 1756 732 1767 750; x_wconf 92' lang='lat'>,</span> <span class='ocrx_word' id='word_1_146' title='bbox 1780 710 1922 758; x_wconf 87' lang='lat' dir='ltr'>quando</span> <span class='ocrx_word' id='word_1_147' title='bbox 1936 709 1972 746; x_wconf 86' lang='lat' dir='ltr'>vi</span> <span class='ocrx_word' id='word_1_148' title='bbox 2018 738 2020 749; x_wconf 88' lang='lat'>.</span> 
     </span>
     <span class='ocr_line' id='line_1_13' title="bbox 247 759 2018 808; baseline -0.003 -9"><span class='ocrx_word' id='word_1_149' title='bbox 247 772 433 799; x_wconf 86' lang='lat' dir='ltr'>ventorum</span> <span class='ocrx_word' id='word_1_150' title='bbox 444 763 463 796; x_wconf 78' lang='lat' dir='ltr'>e</span> <span class='ocrx_word' id='word_1_151' title='bbox 480 762 655 796; x_wconf 89' lang='lat' dir='ltr'>montium</span> <span class='ocrx_word' id='word_1_152' title='bbox 674 760 825 808; x_wconf 83' lang='lat' dir='ltr'>piscinis,</span> <span class='ocrx_word' id='word_1_153' title='bbox 835 760 952 797; x_wconf 82' lang='lat' dir='ltr'>aliisve</span> <span class='ocrx_word' id='word_1_154' title='bbox 967 760 1054 797; x_wconf 92' lang='lat' dir='ltr'>locis</span> <span class='ocrx_word' id='word_1_155' title='bbox 1063 761 1276 808; x_wconf 85' lang='lat' dir='ltr'>abripiuntur</span> <span class='ocrx_word' id='word_1_156' title='bbox 1291 783 1302 799; x_wconf 94' lang='lat'>‚</span> <span class='ocrx_word' id='word_1_157' title='bbox 1328 759 1537 808; x_wconf 76' lang='lat' dir='ltr'>aliundeque</span> <span class='ocrx_word' id='word_1_158' title='bbox 1551 760 1586 794; x_wconf 92' lang='lat' dir='ltr'>in</span> <span class='ocrx_word' id='word_1_159' title='bbox 1601 765 1717 795; x_wconf 76' lang='lat' dir='ltr'>aerem</span> <span class='ocrx_word' id='word_1_160' title='bbox 1730 768 1967 807; x_wconf 78' lang='lat' dir='ltr'>transportari·</span> <span class='ocrx_word' id='word_1_161' title='bbox 2016 773 2018 793; x_wconf 79' lang='lat'>÷</span> 
     </span>
     <span class='ocr_line' id='line_1_14' title="bbox 247 808 2025 856; baseline -0.005 -9"><span class='ocrx_word' id='word_1_162' title='bbox 247 822 321 851; x_wconf 75' lang='lat' dir='ltr'>tur,</span> <span class='ocrx_word' id='word_1_163' title='bbox 341 810 437 846; x_wconf 82' lang='lat' dir='ltr'>&amp;ita</span> <span class='ocrx_word' id='word_1_164' title='bbox 456 821 537 845; x_wconf 84' lang='lat' dir='ltr'>cum</span> <span class='ocrx_word' id='word_1_165' title='bbox 554 809 676 854; x_wconf 86' lang='lat' dir='ltr'>pluviis</span> <span class='ocrx_word' id='word_1_166' title='bbox 694 810 728 843; x_wconf 92' lang='lat' dir='ltr'>in</span> <span class='ocrx_word' id='word_1_167' title='bbox 747 819 872 844; x_wconf 90' lang='lat' dir='ltr'>terram</span> <span class='ocrx_word' id='word_1_168' title='bbox 885 809 1007 844; x_wconf 80' lang='lat' dir='ltr'>ecoelo</span> <span class='ocrx_word' id='word_1_169' title='bbox 1024 808 1244 856; x_wconf 87' lang='lat' dir='ltr'>dejiciuntur.</span> <span class='ocrx_word' id='word_1_170' title='bbox 2024 835 2025 838; x_wconf 74' lang='grc'>,</span> 
     </span>
    </p>

    <p class='ocr_par' dir='ltr' id='par_1_3' title="bbox 246 854 2025 995">
     <span class='ocr_line' id='line_1_15' title="bbox 349 854 2025 906; baseline -0.001 -15"><span class='ocrx_word' id='word_1_171' title='bbox 349 859 501 906; x_wconf 68' lang='lat' dir='ltr'>szrto.</span> <span class='ocrx_word' id='word_1_172' title='bbox 529 858 684 894; x_wconf 87' lang='lat' dir='ltr'>Carnem</span> <span class='ocrx_word' id='word_1_173' title='bbox 694 880 704 898; x_wconf 92' lang='lat'>,</span> <span class='ocrx_word' id='word_1_174' title='bbox 720 868 847 892; x_wconf 83' lang='lat' dir='ltr'>cretam</span> <span class='ocrx_word' id='word_1_175' title='bbox 859 880 870 897; x_wconf 93' lang='lat'>,</span> <span class='ocrx_word' id='word_1_176' title='bbox 890 867 1015 893; x_wconf 86' lang='lat' dir='ltr'>terram</span> <span class='ocrx_word' id='word_1_177' title='bbox 1032 857 1188 893; x_wconf 82' lang='lat' dir='ltr'>&amp;lutum</span> <span class='ocrx_word' id='word_1_178' title='bbox 1207 858 1287 892; x_wconf 80' lang='lat' dir='ltr'>curn</span> <span class='ocrx_word' id='word_1_179' title='bbox 1301 856 1424 902; x_wconf 85' lang='lat' dir='ltr'>pluviis</span> <span class='ocrx_word' id='word_1_180' title='bbox 1433 855 1595 891; x_wconf 84' lang='lat' dir='ltr'>decidere</span> <span class='ocrx_word' id='word_1_181' title='bbox 1610 865 1694 903; x_wconf 84' lang='lat' dir='ltr'>puta</span> <span class='ocrx_word' id='word_1_182' title='bbox 1706 878 1718 895; x_wconf 95' lang='lat'>,</span> <span class='ocrx_word' id='word_1_183' title='bbox 1731 856 1874 904; x_wconf 86' lang='lat' dir='ltr'>quando</span> <span class='ocrx_word' id='word_1_184' title='bbox 1886 865 1973 903; x_wconf 89' lang='lat' dir='ltr'>prae-</span> <span class='ocrx_word' id='word_1_185' title='bbox 2018 854 2025 898; x_wconf 55' lang='lat' dir='ltr'><em>j</em></span> 
     </span>
     <span class='ocr_line' id='line_1_16' title="bbox 246 903 1971 955; baseline -0.001 -14"><span class='ocrx_word' id='word_1_186' title='bbox 246 907 385 955; x_wconf 44' lang='lat' dir='ltr'>,pinguis</span> <span class='ocrx_word' id='word_1_187' title='bbox 400 907 434 942; x_wconf 70' lang='lat' dir='ltr'>c&amp;</span> <span class='ocrx_word' id='word_1_188' title='bbox 452 904 553 941; x_wconf 75' lang='lat' dir='ltr'>crassa</span> <span class='ocrx_word' id='word_1_189' title='bbox 568 917 738 953; x_wconf 87' lang='lat' dir='ltr'>vaporum</span> <span class='ocrx_word' id='word_1_190' title='bbox 753 906 922 941; x_wconf 71' lang='lat' dir='ltr'>materiaa</span> <span class='ocrx_word' id='word_1_191' title='bbox 937 906 1025 941; x_wconf 84' lang='lat' dir='ltr'>Solis</span> <span class='ocrx_word' id='word_1_192' title='bbox 1034 906 1148 941; x_wconf 85' lang='lat' dir='ltr'>calore</span> <span class='ocrx_word' id='word_1_193' title='bbox 1167 906 1226 941; x_wconf 85' lang='lat' dir='ltr'>diu</span> <span class='ocrx_word' id='word_1_194' title='bbox 1241 905 1463 952; x_wconf 80' lang='lat' dir='ltr'>multumque</span> <span class='ocrx_word' id='word_1_195' title='bbox 1474 903 1606 940; x_wconf 55' lang='lat' dir='ltr'>subatra</span> <span class='ocrx_word' id='word_1_196' title='bbox 1620 904 1657 940; x_wconf 87' lang='lat' dir='ltr'>in</span> <span class='ocrx_word' id='word_1_197' title='bbox 1673 915 1779 939; x_wconf 83' lang='lat' dir='ltr'>unam</span> <span class='ocrx_word' id='word_1_198' title='bbox 1795 905 1971 951; x_wconf 85' lang='lat' dir='ltr'>quandam</span> 
     </span>
     <span class='ocr_line' id='line_1_17' title="bbox 246 950 1161 995; baseline -0.001 -5"><span class='ocrx_word' id='word_1_199' title='bbox 246 950 387 991; x_wconf 72' lang='lat' dir='ltr'>maffam</span> <span class='ocrx_word' id='word_1_200' title='bbox 410 955 500 995; x_wconf 83' lang='lat' dir='ltr'>coit,</span> <span class='ocrx_word' id='word_1_201' title='bbox 517 954 552 989; x_wconf 77' lang='grc' dir='ltr'>ὅ(</span> <span class='ocrx_word' id='word_1_202' title='bbox 566 955 656 989; x_wconf 87' lang='lat' dir='ltr'>hanc</span> <span class='ocrx_word' id='word_1_203' title='bbox 670 954 725 988; x_wconf 88' lang='lat' dir='ltr'>vel</span> <span class='ocrx_word' id='word_1_204' title='bbox 743 953 833 989; x_wconf 89' lang='lat' dir='ltr'>illam</span> <span class='ocrx_word' id='word_1_205' title='bbox 843 953 992 989; x_wconf 85' lang='lat' dir='ltr'>formam</span> <span class='ocrx_word' id='word_1_206' title='bbox 1001 954 1161 989; x_wconf 77' lang='lat' dir='ltr'>admittit.</span> 
     </span>
    </p>

    <p class='ocr_par' dir='ltr' id='par_1_4' title="bbox 246 997 2021 1425">
     <span class='ocr_line' id='line_1_18' title="bbox 346 997 1971 1050; baseline -0.002 -12"><span class='ocrx_word' id='word_1_207' title='bbox 346 1003 495 1050; x_wconf 78' lang='lat' dir='ltr'>Quinto.</span> <span class='ocrx_word' id='word_1_208' title='bbox 521 1002 753 1049; x_wconf 84' lang='lat' dir='ltr'>Sicutlapides</span> <span class='ocrx_word' id='word_1_209' title='bbox 769 1002 805 1037; x_wconf 87' lang='lat' dir='ltr'>in</span> <span class='ocrx_word' id='word_1_210' title='bbox 817 1012 907 1038; x_wconf 85' lang='lat' dir='ltr'>terra</span> <span class='ocrx_word' id='word_1_211' title='bbox 921 1003 1164 1050; x_wconf 89' lang='lat' dir='ltr'>producuntur</span> <span class='ocrx_word' id='word_1_212' title='bbox 1179 1012 1240 1049; x_wconf 87' lang='lat' dir='ltr'>per</span> <span class='ocrx_word' id='word_1_213' title='bbox 1259 1000 1410 1049; x_wconf 86' lang='lat' dir='ltr'>spiritum</span> <span class='ocrx_word' id='word_1_214' title='bbox 1424 1000 1634 1048; x_wconf 72' lang='lat' dir='ltr'>lapidis-icum</span> <span class='ocrx_word' id='word_1_215' title='bbox 1648 1023 1660 1040; x_wconf 83' lang='lat'>‚</span> <span class='ocrx_word' id='word_1_216' title='bbox 1679 999 1715 1036; x_wconf 78' lang='grc' dir='ltr'>δι</span> <span class='ocrx_word' id='word_1_217' title='bbox 1729 997 1854 1035; x_wconf 72' lang='lat' dir='ltr'>crassos</span> <span class='ocrx_word' id='word_1_218' title='bbox 1863 1010 1971 1047; x_wconf 80' lang='lat' dir='ltr'>vapo-</span> 
     </span>
     <span class='ocr_line' id='line_1_19' title="bbox 246 1046 1970 1099; baseline -0.002 -12"><span class='ocrx_word' id='word_1_219' title='bbox 246 1063 301 1087; x_wconf 73' lang='lat' dir='ltr'>res</span> <span class='ocrx_word' id='word_1_220' title='bbox 320 1065 330 1096; x_wconf 72' lang='lat'>3</span> <span class='ocrx_word' id='word_1_221' title='bbox 349 1052 394 1085; x_wconf 84' lang='lat' dir='ltr'>ita</span> <span class='ocrx_word' id='word_1_222' title='bbox 414 1051 486 1085; x_wconf 81' lang='lat' dir='ltr'>fieri</span> <span class='ocrx_word' id='word_1_223' title='bbox 500 1050 614 1097; x_wconf 88' lang='lat' dir='ltr'>potest</span> <span class='ocrx_word' id='word_1_224' title='bbox 629 1051 741 1089; x_wconf 86' lang='lat' dir='ltr'>idem,</span> <span class='ocrx_word' id='word_1_225' title='bbox 756 1052 897 1098; x_wconf 87' lang='lat' dir='ltr'>quando</span> <span class='ocrx_word' id='word_1_226' title='bbox 912 1062 1058 1099; x_wconf 86' lang='lat' dir='ltr'>vapores</span> <span class='ocrx_word' id='word_1_227' title='bbox 1072 1047 1168 1086; x_wconf 84' lang='lat' dir='ltr'>craffi</span> <span class='ocrx_word' id='word_1_228' title='bbox 1185 1049 1401 1086; x_wconf 82' lang='lat' dir='ltr'>&amp;terrestres</span> <span class='ocrx_word' id='word_1_229' title='bbox 1414 1050 1450 1084; x_wconf 91' lang='lat' dir='ltr'>in</span> <span class='ocrx_word' id='word_1_230' title='bbox 1467 1049 1586 1084; x_wconf 80' lang='lat' dir='ltr'>med-io</span> <span class='ocrx_word' id='word_1_231' title='bbox 1601 1054 1680 1083; x_wconf 82' lang='lat' dir='ltr'>ae&#39;re</span> <span class='ocrx_word' id='word_1_232' title='bbox 1689 1060 1749 1096; x_wconf 83' lang='lat' dir='ltr'>per</span> <span class='ocrx_word' id='word_1_233' title='bbox 1763 1046 1970 1096; x_wconf 85' lang='lat' dir='ltr'>antiperista-</span> 
     </span>
     <span class='ocr_line' id='line_1_20' title="bbox 247 1097 2021 1147; baseline -0.002 -12"><span class='ocrx_word' id='word_1_234' title='bbox 247 1101 295 1135; x_wconf 81' lang='lat' dir='ltr'>sm</span> <span class='ocrx_word' id='word_1_235' title='bbox 312 1098 491 1146; x_wconf 58' lang='lat' dir='ltr'>trigoris&amp;</span> <span class='ocrx_word' id='word_1_236' title='bbox 507 1097 629 1133; x_wconf 87' lang='lat' dir='ltr'>caloris</span> <span class='ocrx_word' id='word_1_237' title='bbox 638 1098 931 1147; x_wconf 76' lang='lat' dir='ltr'>constringuntur.</span> <span class='ocrx_word' id='word_1_238' title='bbox 980 1100 1049 1134; x_wconf 88' lang='lat' dir='ltr'>Sed</span> <span class='ocrx_word' id='word_1_239' title='bbox 1063 1098 1315 1134; x_wconf 86' lang='lat' dir='ltr'>an-naturaliter</span> <span class='ocrx_word' id='word_1_240' title='bbox 1329 1098 1465 1132; x_wconf 82' lang='lat' dir='ltr'>intanta</span> <span class='ocrx_word' id='word_1_241' title='bbox 1482 1097 1583 1144; x_wconf 83' lang='lat' dir='ltr'>copia</span> <span class='ocrx_word' id='word_1_242' title='bbox 1598 1120 1608 1136; x_wconf 92' lang='lat'>,</span> <span class='ocrx_word' id='word_1_243' title='bbox 1622 1107 1681 1132; x_wconf 82' lang='lat' dir='ltr'>aut</span> <span class='ocrx_word' id='word_1_244' title='bbox 1692 1097 1900 1144; x_wconf 84' lang='lat' dir='ltr'>quantitate,</span> <span class='ocrx_word' id='word_1_245' title='bbox 1910 1104 1972 1132; x_wconf 87' lang='lat' dir='ltr'>aut</span> <span class='ocrx_word' id='word_1_246' title='bbox 2008 1127 2021 1144; x_wconf 55' lang='lat'><em>„</em></span> 
     </span>
     <span class='ocr_line' id='line_1_21' title="bbox 249 1144 2021 1196; baseline -0.001 -15"><span class='ocrx_word' id='word_1_247' title='bbox 249 1147 491 1194; x_wconf 75' lang='lat' dir='ltr'>magnitudine</span> <span class='ocrx_word' id='word_1_248' title='bbox 506 1146 635 1194; x_wconf 87' lang='lat' dir='ltr'>lapides</span> <span class='ocrx_word' id='word_1_249' title='bbox 646 1147 680 1181; x_wconf 89' lang='lat' dir='ltr'>in</span> <span class='ocrx_word' id='word_1_250' title='bbox 697 1148 846 1183; x_wconf 89' lang='lat' dir='ltr'>nubibus</span> <span class='ocrx_word' id='word_1_251' title='bbox 860 1148 1015 1196; x_wconf 82' lang='lat' dir='ltr'>generari</span> <span class='ocrx_word' id='word_1_252' title='bbox 1033 1157 1179 1195; x_wconf 78' lang='lat' dir='ltr'>queant,</span> <span class='ocrx_word' id='word_1_253' title='bbox 1199 1158 1272 1181; x_wconf 87' lang='lat' dir='ltr'>non</span> <span class='ocrx_word' id='word_1_254' title='bbox 1287 1146 1391 1181; x_wconf 83' lang='lat' dir='ltr'>ausim</span> <span class='ocrx_word' id='word_1_255' title='bbox 1408 1145 1548 1181; x_wconf 71' lang='lat' dir='ltr'>asserere</span> <span class='ocrx_word' id='word_1_256' title='bbox 1561 1168 1571 1185; x_wconf 81' lang='lat'>‚</span> <span class='ocrx_word' id='word_1_257' title='bbox 1586 1145 1667 1180; x_wconf 76' lang='lat' dir='ltr'>cum</span> <span class='ocrx_word' id='word_1_258' title='bbox 1684 1145 1777 1180; x_wconf 87' lang='lat' dir='ltr'>enim</span> <span class='ocrx_word' id='word_1_259' title='bbox 1790 1145 1899 1180; x_wconf 65' lang='lat' dir='ltr'>,mixta</span> <span class='ocrx_word' id='word_1_260' title='bbox 1916 1144 1973 1180; x_wconf 84' lang='lat' dir='ltr'>illa</span> <span class='ocrx_word' id='word_1_261' title='bbox 2019 1146 2021 1182; x_wconf 65' lang='lat' dir='ltr'>j</span> 
     </span>
     <span class='ocr_line' id='line_1_22' title="bbox 248 1189 2020 1243; baseline -0.002 -13"><span class='ocrx_word' id='word_1_262' title='bbox 248 1195 380 1242; x_wconf 76' lang='lat' dir='ltr'>majora</span> <span class='ocrx_word' id='word_1_263' title='bbox 396 1196 623 1243; x_wconf 81' lang='lat' dir='ltr'>generatione</span> <span class='ocrx_word' id='word_1_264' title='bbox 636 1195 772 1242; x_wconf 71' lang='lat' dir='ltr'>physica</span> <span class='ocrx_word' id='word_1_265' title='bbox 791 1196 938 1243; x_wconf 87' lang='lat' dir='ltr'>produci</span> <span class='ocrx_word' id='word_1_266' title='bbox 951 1197 1103 1231; x_wconf 84' lang='lat' dir='ltr'>debeant</span> <span class='ocrx_word' id='word_1_267' title='bbox 1121 1219 1131 1236; x_wconf 91' lang='lat'>,</span> <span class='ocrx_word' id='word_1_268' title='bbox 1147 1194 1411 1242; x_wconf 82' lang='lat' dir='ltr'>quaeininstanti</span> <span class='ocrx_word' id='word_1_269' title='bbox 1423 1194 1693 1242; x_wconf 81' lang='lat' dir='ltr'>peraginequit3</span> <span class='ocrx_word' id='word_1_270' title='bbox 1708 1192 1972 1228; x_wconf 85' lang='lat' dir='ltr'>credibilemihi</span> <span class='ocrx_word' id='word_1_271' title='bbox 2017 1189 2020 1194; x_wconf 84' lang='grc'><strong>’</strong></span> 
     </span>
     <span class='ocr_line' id='line_1_23' title="bbox 247 1241 2021 1292; baseline -0.001 -15"><span class='ocrx_word' id='word_1_272' title='bbox 247 1255 322 1278; x_wconf 78' lang='lat' dir='ltr'>non</span> <span class='ocrx_word' id='word_1_273' title='bbox 338 1242 384 1278; x_wconf 83' lang='lat' dir='ltr'>cst</span> <span class='ocrx_word' id='word_1_274' title='bbox 399 1266 408 1283; x_wconf 98' lang='lat'>,</span> <span class='ocrx_word' id='word_1_275' title='bbox 427 1243 577 1292; x_wconf 88' lang='lat' dir='ltr'>longiori</span> <span class='ocrx_word' id='word_1_276' title='bbox 595 1243 710 1290; x_wconf 86' lang='lat' dir='ltr'>aliquo</span> <span class='ocrx_word' id='word_1_277' title='bbox 727 1244 894 1292; x_wconf 87' lang='lat' dir='ltr'>temporis</span> <span class='ocrx_word' id='word_1_278' title='bbox 906 1244 1010 1292; x_wconf 88' lang='lat' dir='ltr'>spatio</span> <span class='ocrx_word' id='word_1_279' title='bbox 1028 1245 1073 1279; x_wconf 93' lang='lat' dir='ltr'>ob</span> <span class='ocrx_word' id='word_1_280' title='bbox 1087 1244 1217 1279; x_wconf 84' lang='lat' dir='ltr'>insitam</span> <span class='ocrx_word' id='word_1_281' title='bbox 1232 1243 1477 1292; x_wconf 83' lang='lat' dir='ltr'>gravitatemin</span> <span class='ocrx_word' id='word_1_282' title='bbox 1493 1248 1570 1278; x_wconf 73' lang='lat' dir='ltr'>aere</span> <span class='ocrx_word' id='word_1_283' title='bbox 1583 1242 1716 1276; x_wconf 83' lang='lat' dir='ltr'>tamdiu</span> <span class='ocrx_word' id='word_1_284' title='bbox 1735 1241 1886 1289; x_wconf 86' lang='lat' dir='ltr'>suspensa</span> <span class='ocrx_word' id='word_1_285' title='bbox 1898 1253 1971 1276; x_wconf 82' lang='lat' dir='ltr'>ma·</span> <span class='ocrx_word' id='word_1_286' title='bbox 2020 1245 2021 1269; x_wconf 70' lang='lat' dir='ltr'>l</span> 
     </span>
     <span class='ocr_line' id='line_1_24' title="bbox 249 1286 2021 1340; baseline -0.001 -14"><span class='ocrx_word' id='word_1_287' title='bbox 249 1303 333 1326; x_wconf 78' lang='lat' dir='ltr'>nere</span> <span class='ocrx_word' id='word_1_288' title='bbox 348 1291 453 1339; x_wconf 69' lang='lat' dir='ltr'>posse.</span> <span class='ocrx_word' id='word_1_289' title='bbox 506 1292 611 1326; x_wconf 78' lang='lat' dir='ltr'>[Inde</span> <span class='ocrx_word' id='word_1_290' title='bbox 628 1292 699 1339; x_wconf 91' lang='lat' dir='ltr'>poti</span> <span class='ocrx_word' id='word_1_291' title='bbox 706 1289 1002 1340; x_wconf 69' lang='lat' dir='ltr'>li‘imumlapidum</span> <span class='ocrx_word' id='word_1_292' title='bbox 1019 1292 1134 1340; x_wconf 87' lang='lat' dir='ltr'>pluvia</span> <span class='ocrx_word' id='word_1_293' title='bbox 1149 1303 1315 1340; x_wconf 83' lang='lat' dir='ltr'>apparens</span> <span class='ocrx_word' id='word_1_294' title='bbox 1333 1291 1396 1331; x_wconf 86' lang='lat' dir='ltr'>est,</span> <span class='ocrx_word' id='word_1_295' title='bbox 1415 1289 1458 1325; x_wconf 79' lang='lat' dir='ltr'>eo</span> <span class='ocrx_word' id='word_1_296' title='bbox 1477 1290 1572 1337; x_wconf 72' lang='lat' dir='ltr'>quod</span> <span class='ocrx_word' id='word_1_297' title='bbox 1583 1299 1708 1325; x_wconf 66' lang='lat' dir='ltr'>ventus</span> <span class='ocrx_word' id='word_1_298' title='bbox 1717 1286 1973 1325; x_wconf 78' lang='lat' dir='ltr'>vehementiffi.</span> <span class='ocrx_word' id='word_1_299' title='bbox 2018 1291 2021 1324; x_wconf 58' lang='lat' dir='ltr'>j</span> 
     </span>
     <span class='ocr_line' id='line_1_25' title="bbox 247 1332 2021 1390; baseline -0.001 -15"><span class='ocrx_word' id='word_1_300' title='bbox 247 1340 464 1387; x_wconf 79' lang='lat' dir='ltr'>muslapides</span> <span class='ocrx_word' id='word_1_301' title='bbox 475 1352 516 1375; x_wconf 81' lang='lat' dir='ltr'>ex</span> <span class='ocrx_word' id='word_1_302' title='bbox 525 1351 597 1375; x_wconf 91' lang='lat' dir='ltr'>uno</span> <span class='ocrx_word' id='word_1_303' title='bbox 613 1339 695 1375; x_wconf 88' lang='lat' dir='ltr'>loco</span> <span class='ocrx_word' id='word_1_304' title='bbox 711 1342 871 1389; x_wconf 78' lang='lat' dir='ltr'>abreptos</span> <span class='ocrx_word' id='word_1_305' title='bbox 881 1340 960 1377; x_wconf 85' lang='lat' dir='ltr'>alibi</span> <span class='ocrx_word' id='word_1_306' title='bbox 978 1341 1245 1390; x_wconf 84' lang='lat' dir='ltr'>grandinaverit.</span> <span class='ocrx_word' id='word_1_307' title='bbox 1296 1339 1371 1375; x_wconf 83' lang='lat' dir='ltr'>Pari</span> <span class='ocrx_word' id='word_1_308' title='bbox 1387 1339 1522 1375; x_wconf 85' lang='lat' dir='ltr'>ratione</span> <span class='ocrx_word' id='word_1_309' title='bbox 1531 1338 1848 1386; x_wconf 81' lang='lat' dir='ltr'>philosophandum</span> <span class='ocrx_word' id='word_1_310' title='bbox 1864 1337 1911 1373; x_wconf 86' lang='lat' dir='ltr'>est</span> <span class='ocrx_word' id='word_1_311' title='bbox 1926 1339 1979 1377; x_wconf 17' lang='lat' dir='ltr'>dex</span> <span class='ocrx_word' id='word_1_312' title='bbox 2020 1332 2021 1378; x_wconf 62' lang='grc' dir='ltr'>Ῐ</span> 
     </span>
     <span class='ocr_line' id='line_1_26' title="bbox 248 1388 731 1425; baseline 0.002 -1"><span class='ocrx_word' id='word_1_313' title='bbox 248 1389 339 1424; x_wconf 78' lang='lat' dir='ltr'>scrro</span> <span class='ocrx_word' id='word_1_314' title='bbox 350 1389 384 1424; x_wconf 68' lang='grc' dir='ltr'>ὅ(</span> <span class='ocrx_word' id='word_1_315' title='bbox 401 1388 562 1424; x_wconf 79' lang='lat' dir='ltr'>fimilibus</span> <span class='ocrx_word' id='word_1_316' title='bbox 576 1388 731 1425; x_wconf 82' lang='lat' dir='ltr'>metallis.</span> 
     </span>
    </p>

    <p class='ocr_par' dir='ltr' id='par_1_5' title="bbox 239 1434 2020 1810">
     <span class='ocr_line' id='line_1_27' title="bbox 345 1434 2020 1485; baseline -0.002 -14"><span class='ocrx_word' id='word_1_317' title='bbox 345 1438 462 1474; x_wconf 74' lang='lat' dir='ltr'>Sexto.</span> <span class='ocrx_word' id='word_1_318' title='bbox 488 1437 584 1472; x_wconf 87' lang='lat' dir='ltr'>Lana</span> <span class='ocrx_word' id='word_1_319' title='bbox 600 1436 654 1472; x_wconf 89' lang='lat' dir='ltr'>seu</span> <span class='ocrx_word' id='word_1_320' title='bbox 672 1437 747 1484; x_wconf 86' lang='lat' dir='ltr'>pilis</span> <span class='ocrx_word' id='word_1_321' title='bbox 757 1436 864 1484; x_wconf 80' lang='lat' dir='ltr'>pluit,</span> <span class='ocrx_word' id='word_1_322' title='bbox 879 1438 1021 1485; x_wconf 85' lang='lat' dir='ltr'>quando</span> <span class='ocrx_word' id='word_1_323' title='bbox 1036 1449 1079 1476; x_wconf 84' lang='lat' dir='ltr'>ex</span> <span class='ocrx_word' id='word_1_324' title='bbox 1093 1437 1272 1472; x_wconf 82' lang='lat' dir='ltr'>arboribus</span> <span class='ocrx_word' id='word_1_325' title='bbox 1286 1459 1296 1476; x_wconf 96' lang='lat'>,</span> <span class='ocrx_word' id='word_1_326' title='bbox 1310 1435 1465 1485; x_wconf 81' lang='lat' dir='ltr'>virgultis</span> <span class='ocrx_word' id='word_1_327' title='bbox 1485 1458 1496 1476; x_wconf 68' lang='lat' dir='ltr'>a</span> <span class='ocrx_word' id='word_1_328' title='bbox 1518 1435 1554 1470; x_wconf 67' lang='grc' dir='ltr'>ὅ(</span> <span class='ocrx_word' id='word_1_329' title='bbox 1568 1435 1693 1480; x_wconf 83' lang='lat' dir='ltr'>plantis</span> <span class='ocrx_word' id='word_1_330' title='bbox 1709 1434 1766 1469; x_wconf 86' lang='lat' dir='ltr'>Sol</span> <span class='ocrx_word' id='word_1_331' title='bbox 1781 1434 1921 1469; x_wconf 87' lang='lat' dir='ltr'>attrahit</span> <span class='ocrx_word' id='word_1_332' title='bbox 1935 1445 1970 1469; x_wconf 87' lang='lat' dir='ltr'>e-</span> <span class='ocrx_word' id='word_1_333' title='bbox 2018 1448 2020 1458; x_wconf 86' lang='lat'><em>=</em></span> 
     </span>
     <span class='ocr_line' id='line_1_28' title="bbox 239 1480 2020 1533; baseline -0.002 -13"><span class='ocrx_word' id='word_1_334' title='bbox 239 1484 401 1532; x_wconf 80' lang='lat' dir='ltr'>jusmodi</span> <span class='ocrx_word' id='word_1_335' title='bbox 411 1486 589 1520; x_wconf 84' lang='lat' dir='ltr'>materiam</span> <span class='ocrx_word' id='word_1_336' title='bbox 600 1485 838 1533; x_wconf 77' lang='lat' dir='ltr'>fimilem,quae</span> <span class='ocrx_word' id='word_1_337' title='bbox 847 1486 994 1521; x_wconf 88' lang='lat' dir='ltr'>volitans</span> <span class='ocrx_word' id='word_1_338' title='bbox 1005 1486 1040 1520; x_wconf 92' lang='lat' dir='ltr'>in</span> <span class='ocrx_word' id='word_1_339' title='bbox 1059 1491 1138 1520; x_wconf 82' lang='lat' dir='ltr'>a&#39;ere</span> <span class='ocrx_word' id='word_1_340' title='bbox 1149 1486 1216 1520; x_wconf 79' lang='lat' dir='ltr'>una</span> <span class='ocrx_word' id='word_1_341' title='bbox 1233 1496 1313 1520; x_wconf 89' lang='lat' dir='ltr'>cum</span> <span class='ocrx_word' id='word_1_342' title='bbox 1324 1484 1435 1531; x_wconf 85' lang='lat' dir='ltr'>pluvia</span> <span class='ocrx_word' id='word_1_343' title='bbox 1445 1483 1545 1518; x_wconf 87' lang='lat' dir='ltr'>instar</span> <span class='ocrx_word' id='word_1_344' title='bbox 1559 1483 1643 1518; x_wconf 78' lang='lat' dir='ltr'>lanae</span> <span class='ocrx_word' id='word_1_345' title='bbox 1656 1482 1845 1530; x_wconf 80' lang='lat' dir='ltr'>coagulatae</span> <span class='ocrx_word' id='word_1_346' title='bbox 1861 1483 1970 1517; x_wconf 78' lang='lat' dir='ltr'>fertur</span> <span class='ocrx_word' id='word_1_347' title='bbox 2018 1480 2020 1524; x_wconf 61' lang='lat' dir='ltr'>J</span> 
     </span>
     <span class='ocr_line' id='line_1_29' title="bbox 249 1529 2020 1581; baseline -0.001 -13"><span class='ocrx_word' id='word_1_348' title='bbox 249 1535 284 1568; x_wconf 91' lang='lat' dir='ltr'>in</span> <span class='ocrx_word' id='word_1_349' title='bbox 301 1544 438 1568; x_wconf 86' lang='lat' dir='ltr'>terram.</span> <span class='ocrx_word' id='word_1_350' title='bbox 490 1534 655 1581; x_wconf 84' lang='lat' dir='ltr'>Denique</span> <span class='ocrx_word' id='word_1_351' title='bbox 669 1535 765 1581; x_wconf 69' lang='lat' dir='ltr'>qued</span> <span class='ocrx_word' id='word_1_352' title='bbox 776 1534 887 1569; x_wconf 91' lang='lat' dir='ltr'>crucis</span> <span class='ocrx_word' id='word_1_353' title='bbox 895 1536 1004 1570; x_wconf 87' lang='lat' dir='ltr'>rubrae</span> <span class='ocrx_word' id='word_1_354' title='bbox 1016 1534 1140 1569; x_wconf 84' lang='lat' dir='ltr'>attinet</span> <span class='ocrx_word' id='word_1_355' title='bbox 1156 1533 1306 1581; x_wconf 75' lang='lat' dir='ltr'>pluviam</span> <span class='ocrx_word' id='word_1_356' title='bbox 1320 1555 1330 1572; x_wconf 76' lang='lat'>,</span> <span class='ocrx_word' id='word_1_357' title='bbox 1348 1534 1393 1567; x_wconf 91' lang='lat' dir='ltr'>de</span> <span class='ocrx_word' id='word_1_358' title='bbox 1401 1544 1468 1580; x_wconf 87' lang='lat' dir='ltr'>qua</span> <span class='ocrx_word' id='word_1_359' title='bbox 1477 1532 1628 1579; x_wconf 76' lang='lat' dir='ltr'>ssiperius</span> <span class='ocrx_word' id='word_1_360' title='bbox 1642 1532 1824 1567; x_wconf 59' lang='lat' dir='ltr'>earu-„mus</span> <span class='ocrx_word' id='word_1_361' title='bbox 1834 1530 1906 1565; x_wconf 88' lang='lat' dir='ltr'>libr.</span> <span class='ocrx_word' id='word_1_362' title='bbox 1916 1531 1965 1565; x_wconf 82' lang='lat'>16.</span> <span class='ocrx_word' id='word_1_363' title='bbox 2018 1529 2020 1566; x_wconf 67' lang='lat' dir='ltr'>J</span> 
     </span>
     <span class='ocr_line' id='line_1_30' title="bbox 247 1579 1968 1629; baseline -0.002 -12"><span class='ocrx_word' id='word_1_364' title='bbox 247 1584 293 1617; x_wconf 90' lang='lat' dir='ltr'>de</span> <span class='ocrx_word' id='word_1_365' title='bbox 302 1581 449 1617; x_wconf 85' lang='lat' dir='ltr'>Subtilit.</span> <span class='ocrx_word' id='word_1_366' title='bbox 470 1593 546 1617; x_wconf 86' lang='lat' dir='ltr'>eam</span> <span class='ocrx_word' id='word_1_367' title='bbox 564 1593 606 1617; x_wconf 82' lang='lat' dir='ltr'>ex</span> <span class='ocrx_word' id='word_1_368' title='bbox 623 1584 666 1617; x_wconf 84' lang='lat' dir='ltr'>eo</span> <span class='ocrx_word' id='word_1_369' title='bbox 676 1581 799 1617; x_wconf 58' lang='lat' dir='ltr'>metam</span> <span class='ocrx_word' id='word_1_370' title='bbox 814 1582 995 1617; x_wconf 86' lang='lat' dir='ltr'>arbitratur</span> <span class='ocrx_word' id='word_1_371' title='bbox 1007 1605 1016 1622; x_wconf 91' lang='lat'>,</span> <span class='ocrx_word' id='word_1_372' title='bbox 1031 1581 1127 1628; x_wconf 73' lang='lat' dir='ltr'>quod</span> <span class='ocrx_word' id='word_1_373' title='bbox 1144 1582 1254 1629; x_wconf 85' lang='lat' dir='ltr'>pulvis</span> <span class='ocrx_word' id='word_1_374' title='bbox 1268 1581 1461 1616; x_wconf 80' lang='lat' dir='ltr'>admodum</span> <span class='ocrx_word' id='word_1_375' title='bbox 1478 1581 1605 1615; x_wconf 82' lang='lat' dir='ltr'>arduus</span> <span class='ocrx_word' id='word_1_376' title='bbox 1621 1580 1744 1614; x_wconf 89' lang='lat' dir='ltr'>iisdem</span> <span class='ocrx_word' id='word_1_377' title='bbox 1753 1579 1901 1614; x_wconf 76' lang='lat' dir='ltr'>vestibus</span> <span class='ocrx_word' id='word_1_378' title='bbox 1917 1579 1968 1614; x_wconf 89' lang='lat' dir='ltr'>in-</span> 
     </span>
     <span class='ocr_line' id='line_1_31' title="bbox 245 1626 2020 1679; baseline -0.003 -13"><span class='ocrx_word' id='word_1_379' title='bbox 245 1630 379 1667; x_wconf 66' lang='lat' dir='ltr'>haeserit</span> <span class='ocrx_word' id='word_1_380' title='bbox 392 1653 402 1670; x_wconf 98' lang='lat'>,</span> <span class='ocrx_word' id='word_1_381' title='bbox 418 1641 523 1677; x_wconf 86' lang='lat' dir='ltr'>quem</span> <span class='ocrx_word' id='word_1_382' title='bbox 539 1640 645 1679; x_wconf 60' lang='lat' dir='ltr'>guttae</span> <span class='ocrx_word' id='word_1_383' title='bbox 660 1630 830 1665; x_wconf 85' lang='lat' dir='ltr'>diluentes</span> <span class='ocrx_word' id='word_1_384' title='bbox 846 1631 882 1665; x_wconf 91' lang='lat' dir='ltr'>in</span> <span class='ocrx_word' id='word_1_385' title='bbox 903 1630 1014 1666; x_wconf 90' lang='lat' dir='ltr'>crucis</span> <span class='ocrx_word' id='word_1_386' title='bbox 1030 1629 1175 1679; x_wconf 85' lang='lat' dir='ltr'>figuram</span> <span class='ocrx_word' id='word_1_387' title='bbox 1196 1629 1394 1665; x_wconf 81' lang='lat' dir='ltr'>diduxerint</span> <span class='ocrx_word' id='word_1_388' title='bbox 1412 1651 1422 1668; x_wconf 94' lang='lat'>,</span> <span class='ocrx_word' id='word_1_389' title='bbox 1442 1627 1497 1663; x_wconf 88' lang='lat' dir='ltr'>vel</span> <span class='ocrx_word' id='word_1_390' title='bbox 1513 1628 1611 1676; x_wconf 75' lang='lat' dir='ltr'>quod</span> <span class='ocrx_word' id='word_1_391' title='bbox 1634 1637 1778 1662; x_wconf 82' lang='lat' dir='ltr'>texturae</span> <span class='ocrx_word' id='word_1_392' title='bbox 1802 1626 1966 1662; x_wconf 81' lang='lat' dir='ltr'>flamenta</span> <span class='ocrx_word' id='word_1_393' title='bbox 2018 1643 2020 1656; x_wconf 84' lang='grc' dir='ltr'>ι</span> 
     </span>
     <span class='ocr_line' id='line_1_32' title="bbox 245 1673 2020 1727; baseline -0.003 -13"><span class='ocrx_word' id='word_1_394' title='bbox 245 1691 309 1727; x_wconf 88' lang='lat' dir='ltr'>per</span> <span class='ocrx_word' id='word_1_395' title='bbox 318 1678 349 1714; x_wconf 87' lang='lat' dir='ltr'>se</span> <span class='ocrx_word' id='word_1_396' title='bbox 358 1679 461 1715; x_wconf 86' lang='lat' dir='ltr'>talem</span> <span class='ocrx_word' id='word_1_397' title='bbox 471 1680 621 1714; x_wconf 84' lang='lat' dir='ltr'>habeant</span> <span class='ocrx_word' id='word_1_398' title='bbox 629 1679 777 1713; x_wconf 84' lang='lat' dir='ltr'>formam</span> <span class='ocrx_word' id='word_1_399' title='bbox 790 1691 802 1724; x_wconf 79' lang='lat'>3</span> <span class='ocrx_word' id='word_1_400' title='bbox 816 1678 871 1713; x_wconf 90' lang='lat' dir='ltr'>vel</span> <span class='ocrx_word' id='word_1_401' title='bbox 887 1680 983 1726; x_wconf 82' lang='lat' dir='ltr'>quod</span> <span class='ocrx_word' id='word_1_402' title='bbox 993 1679 1143 1714; x_wconf 87' lang='lat' dir='ltr'>mediam</span> <span class='ocrx_word' id='word_1_403' title='bbox 1164 1679 1197 1713; x_wconf 90' lang='lat' dir='ltr'>in</span> <span class='ocrx_word' id='word_1_404' title='bbox 1207 1688 1339 1726; x_wconf 89' lang='lat' dir='ltr'>partem</span> <span class='ocrx_word' id='word_1_405' title='bbox 1356 1677 1516 1712; x_wconf 87' lang='lat' dir='ltr'>incidens</span> <span class='ocrx_word' id='word_1_406' title='bbox 1525 1679 1653 1711; x_wconf 83' lang='lat' dir='ltr'>humor</span> <span class='ocrx_word' id='word_1_407' title='bbox 1662 1673 1785 1722; x_wconf 86' lang='lat' dir='ltr'>majori</span> <span class='ocrx_word' id='word_1_408' title='bbox 1793 1674 1888 1710; x_wconf 87' lang='lat' dir='ltr'>mole</span> <span class='ocrx_word' id='word_1_409' title='bbox 1904 1687 1964 1711; x_wconf 93' lang='lat' dir='ltr'>co-</span> <span class='ocrx_word' id='word_1_410' title='bbox 2018 1683 2020 1708; x_wconf 86' lang='lat'>:</span> 
     </span>
     <span class='ocr_line' id='line_1_33' title="bbox 243 1722 2020 1810; baseline -0.002 -47"><span class='ocrx_word' id='word_1_411' title='bbox 243 1729 372 1763; x_wconf 59' lang='lat' dir='ltr'>haereat</span> <span class='ocrx_word' id='word_1_412' title='bbox 379 1739 464 1810; x_wconf 48' lang='lat' dir='ltr'>fiper</span> <span class='ocrx_word' id='word_1_413' title='bbox 473 1736 627 1763; x_wconf 83' lang='lat' dir='ltr'>extrema</span> <span class='ocrx_word' id='word_1_414' title='bbox 635 1737 750 1762; x_wconf 89' lang='lat' dir='ltr'>autem</span> <span class='ocrx_word' id='word_1_415' title='bbox 760 1728 794 1761; x_wconf 91' lang='lat' dir='ltr'>in</span> <span class='ocrx_word' id='word_1_416' title='bbox 811 1726 981 1763; x_wconf 88' lang='lat' dir='ltr'>stellarum</span> <span class='ocrx_word' id='word_1_417' title='bbox 996 1737 1055 1763; x_wconf 86' lang='lat' dir='ltr'>aut</span> <span class='ocrx_word' id='word_1_418' title='bbox 1071 1727 1227 1763; x_wconf 90' lang='lat' dir='ltr'>crucium</span> <span class='ocrx_word' id='word_1_419' title='bbox 1240 1727 1372 1762; x_wconf 82' lang='lat' dir='ltr'>formas</span> <span class='ocrx_word' id='word_1_420' title='bbox 1388 1722 1540 1765; x_wconf 75' lang='lat' dir='ltr'>distillat,</span> <span class='ocrx_word' id='word_1_421' title='bbox 1555 1726 1636 1760; x_wconf 83' lang='lat' dir='ltr'>edm</span> <span class='ocrx_word' id='word_1_422' title='bbox 1651 1723 1717 1760; x_wconf 77' lang='lat' dir='ltr'>late</span> <span class='ocrx_word' id='word_1_423' title='bbox 1733 1723 1846 1772; x_wconf 79' lang='lat' dir='ltr'>[parsae</span> <span class='ocrx_word' id='word_1_424' title='bbox 1860 1733 1968 1772; x_wconf 79' lang='lat' dir='ltr'>guttae</span> <span class='ocrx_word' id='word_1_425' title='bbox 2018 1724 2020 1726; x_wconf 77' lang='grc'><strong>’</strong></span> 
     </span>
    </p>

    <p class='ocr_par' dir='ltr' id='par_1_6' title="bbox 231 1775 2023 2354">
     <span class='ocr_line' id='line_1_34' title="bbox 231 1775 2020 1824; baseline -0.002 -13"><span class='ocrx_word' id='word_1_426' title='bbox 231 1788 318 1812; x_wconf 66' lang='lat' dir='ltr'>vnon</span> <span class='ocrx_word' id='word_1_427' title='bbox 328 1787 373 1824; x_wconf 89' lang='lat' dir='ltr'>po</span> <span class='ocrx_word' id='word_1_428' title='bbox 405 1775 617 1811; x_wconf 79' lang='lat' dir='ltr'>intomnino</span> <span class='ocrx_word' id='word_1_429' title='bbox 634 1776 842 1814; x_wconf 80' lang='lat' dir='ltr'>continuari.</span> <span class='ocrx_word' id='word_1_430' title='bbox 2018 1775 2020 1780; x_wconf 87' lang='grc'><strong><em>’</em></strong></span> 
     </span>
     <span class='ocr_line' id='line_1_35' title="bbox 342 1819 2021 1872; baseline -0.002 -14"><span class='ocrx_word' id='word_1_431' title='bbox 342 1823 477 1858; x_wconf 83' lang='lat' dir='ltr'>Ultimo</span> <span class='ocrx_word' id='word_1_432' title='bbox 495 1825 658 1863; x_wconf 79' lang='lat' dir='ltr'>demum,</span> <span class='ocrx_word' id='word_1_433' title='bbox 672 1824 828 1859; x_wconf 86' lang='lat' dir='ltr'>animalia</span> <span class='ocrx_word' id='word_1_434' title='bbox 846 1823 1014 1872; x_wconf 71' lang='lat' dir='ltr'>perfe&amp;a‚</span> <span class='ocrx_word' id='word_1_435' title='bbox 1035 1823 1142 1859; x_wconf 84' lang='lat' dir='ltr'>&amp;alia</span> <span class='ocrx_word' id='word_1_436' title='bbox 1151 1821 1356 1870; x_wconf 86' lang='lat' dir='ltr'>hujusmodi</span> <span class='ocrx_word' id='word_1_437' title='bbox 1374 1833 1447 1857; x_wconf 90' lang='lat' dir='ltr'>non</span> <span class='ocrx_word' id='word_1_438' title='bbox 1457 1821 1622 1856; x_wconf 85' lang='lat' dir='ltr'>dicuntur</span> <span class='ocrx_word' id='word_1_439' title='bbox 1634 1819 1771 1868; x_wconf 81' lang='lat' dir='ltr'>pluere,</span> <span class='ocrx_word' id='word_1_440' title='bbox 1788 1819 1843 1855; x_wconf 90' lang='lat' dir='ltr'>sed</span> <span class='ocrx_word' id='word_1_441' title='bbox 1859 1819 1966 1855; x_wconf 89' lang='lat' dir='ltr'>aliun·</span> <span class='ocrx_word' id='word_1_442' title='bbox 2018 1838 2021 1852; x_wconf 75' lang='lat'>:</span> 
     </span>
     <span class='ocr_line' id='line_1_36' title="bbox 243 1868 1960 1920; baseline -0.003 -12"><span class='ocrx_word' id='word_1_443' title='bbox 243 1874 288 1908; x_wconf 87' lang='lat' dir='ltr'>de</span> <span class='ocrx_word' id='word_1_444' title='bbox 304 1873 451 1907; x_wconf 69' lang='lat' dir='ltr'>addut’ca</span> <span class='ocrx_word' id='word_1_445' title='bbox 463 1873 597 1908; x_wconf 84' lang='lat' dir='ltr'>cadere.</span> <span class='ocrx_word' id='word_1_446' title='bbox 651 1871 891 1908; x_wconf 83' lang='lat' dir='ltr'>Confirmatur</span> <span class='ocrx_word' id='word_1_447' title='bbox 905 1871 1104 1920; x_wconf 83' lang='lat' dir='ltr'>exemplum</span> <span class='ocrx_word' id='word_1_448' title='bbox 1120 1872 1321 1911; x_wconf 88' lang='lat' dir='ltr'>ridiculum,</span> <span class='ocrx_word' id='word_1_449' title='bbox 1338 1871 1435 1917; x_wconf 89' lang='lat' dir='ltr'>quod</span> <span class='ocrx_word' id='word_1_450' title='bbox 1449 1870 1629 1904; x_wconf 86' lang='lat' dir='ltr'>Cardanus</span> <span class='ocrx_word' id='word_1_451' title='bbox 1638 1870 1742 1904; x_wconf 83' lang='lat' dir='ltr'>refert</span> <span class='ocrx_word' id='word_1_452' title='bbox 1751 1868 1773 1907; x_wconf 81' lang='lat' dir='ltr'>l.</span> <span class='ocrx_word' id='word_1_453' title='bbox 1784 1870 1830 1903; x_wconf 81' lang='lat'>16.</span> <span class='ocrx_word' id='word_1_454' title='bbox 1840 1868 1960 1904; x_wconf 85' lang='lat' dir='ltr'>Subtil.</span> 
     </span>
     <span class='ocr_line' id='line_1_37' title="bbox 243 1916 2023 1969; baseline -0.003 -13"><span class='ocrx_word' id='word_1_455' title='bbox 243 1920 301 1957; x_wconf 81' lang='lat' dir='ltr'>sibi</span> <span class='ocrx_word' id='word_1_456' title='bbox 317 1919 506 1969; x_wconf 68' lang='lat' dir='ltr'>contigisse.</span> <span class='ocrx_word' id='word_1_457' title='bbox 558 1921 653 1955; x_wconf 91' lang='lat' dir='ltr'>Dum</span> <span class='ocrx_word' id='word_1_458' title='bbox 672 1920 764 1954; x_wconf 87' lang='lat' dir='ltr'>enim</span> <span class='ocrx_word' id='word_1_459' title='bbox 773 1920 999 1967; x_wconf 90' lang='lat' dir='ltr'>Apenninum</span> <span class='ocrx_word' id='word_1_460' title='bbox 1015 1931 1120 1966; x_wconf 85' lang='lat' dir='ltr'>eques</span> <span class='ocrx_word' id='word_1_461' title='bbox 1128 1921 1301 1960; x_wconf 81' lang='lat' dir='ltr'>transiret,</span> <span class='ocrx_word' id='word_1_462' title='bbox 1313 1919 1440 1955; x_wconf 86' lang='lat' dir='ltr'>subitus</span> <span class='ocrx_word' id='word_1_463' title='bbox 1452 1928 1639 1953; x_wconf 88' lang='lat' dir='ltr'>ventorum</span> <span class='ocrx_word' id='word_1_464' title='bbox 1655 1918 1757 1952; x_wconf 89' lang='lat' dir='ltr'>turbo</span> <span class='ocrx_word' id='word_1_465' title='bbox 1773 1916 1903 1964; x_wconf 89' lang='lat' dir='ltr'>pileum</span> <span class='ocrx_word' id='word_1_466' title='bbox 1920 1916 1966 1952; x_wconf 91' lang='lat' dir='ltr'>illi</span> <span class='ocrx_word' id='word_1_467' title='bbox 2019 1924 2023 1937; x_wconf 85' lang='lat'><strong>¹</strong></span> 
     </span>
     <span class='ocr_line' id='line_1_38' title="bbox 245 1965 2023 2017; baseline -0.003 -12"><span class='ocrx_word' id='word_1_468' title='bbox 245 1970 410 2016; x_wconf 76' lang='lat' dir='ltr'>abripuit,</span> <span class='ocrx_word' id='word_1_469' title='bbox 428 1981 466 2004; x_wconf 74' lang='lat' dir='ltr'>ac</span> <span class='ocrx_word' id='word_1_470' title='bbox 476 1968 570 2004; x_wconf 83' lang='lat' dir='ltr'>velut</span> <span class='ocrx_word' id='word_1_471' title='bbox 589 1968 738 2017; x_wconf 77' lang='lat' dir='ltr'>sagittam</span> <span class='ocrx_word' id='word_1_472' title='bbox 749 1968 966 2016; x_wconf 66' lang='lat' dir='ltr'>&amp;scorpione</span> <span class='ocrx_word' id='word_1_473' title='bbox 980 1967 1132 2004; x_wconf 75' lang='lat' dir='ltr'>emissam</span> <span class='ocrx_word' id='word_1_474' title='bbox 1155 1968 1278 2003; x_wconf 90' lang='lat' dir='ltr'>detulit</span> <span class='ocrx_word' id='word_1_475' title='bbox 1303 1980 1383 2003; x_wconf 90' lang='lat' dir='ltr'>cum</span> <span class='ocrx_word' id='word_1_476' title='bbox 1400 1968 1550 2014; x_wconf 78' lang='lat' dir='ltr'>impetu,</span> <span class='ocrx_word' id='word_1_477' title='bbox 1563 1965 1757 2014; x_wconf 78' lang='lat' dir='ltr'>parumque</span> <span class='ocrx_word' id='word_1_478' title='bbox 1772 1966 1881 2000; x_wconf 77' lang='lat' dir='ltr'>abfuit</span> <span class='ocrx_word' id='word_1_479' title='bbox 1893 1987 1903 2004; x_wconf 87' lang='lat'>,</span> <span class='ocrx_word' id='word_1_480' title='bbox 1919 1977 1966 2001; x_wconf 85' lang='lat' dir='ltr'>ne</span> <span class='ocrx_word' id='word_1_481' title='bbox 2022 2001 2023 2004; x_wconf 64' lang='grc'>,</span> 
     </span>
     <span class='ocr_line' id='line_1_39' title="bbox 245 2013 1962 2065; baseline -0.002 -13"><span class='ocrx_word' id='word_1_482' title='bbox 245 2018 399 2065; x_wconf 84' lang='lat' dir='ltr'>portenti</span> <span class='ocrx_word' id='word_1_483' title='bbox 415 2017 491 2051; x_wconf 78' lang='lat' dir='ltr'>vice</span> <span class='ocrx_word' id='word_1_484' title='bbox 506 2017 683 2052; x_wconf 86' lang='lat' dir='ltr'>decideret</span> <span class='ocrx_word' id='word_1_485' title='bbox 693 2028 774 2051; x_wconf 90' lang='lat' dir='ltr'>cum</span> <span class='ocrx_word' id='word_1_486' title='bbox 788 2016 945 2064; x_wconf 90' lang='lat' dir='ltr'>pluviain</span> <span class='ocrx_word' id='word_1_487' title='bbox 962 2017 1134 2065; x_wconf 83' lang='lat' dir='ltr'>proximas</span> <span class='ocrx_word' id='word_1_488' title='bbox 1143 2016 1246 2053; x_wconf 88' lang='lat' dir='ltr'>villas.</span> <span class='ocrx_word' id='word_1_489' title='bbox 1297 2015 1488 2050; x_wconf 88' lang='lat' dir='ltr'>Transtulit</span> <span class='ocrx_word' id='word_1_490' title='bbox 1501 2015 1537 2050; x_wconf 75' lang='grc' dir='ltr'>ὅ(</span> <span class='ocrx_word' id='word_1_491' title='bbox 1548 2025 1700 2061; x_wconf 83' lang='lat' dir='ltr'>equum,</span> <span class='ocrx_word' id='word_1_492' title='bbox 1714 2014 1769 2048; x_wconf 89' lang='lat' dir='ltr'>cui</span> <span class='ocrx_word' id='word_1_493' title='bbox 1784 2013 1962 2054; x_wconf 79' lang='lat' dir='ltr'>insidebat,</span> 
     </span>
     <span class='ocr_line' id='line_1_40' title="bbox 245 2061 2022 2113; baseline -0.002 -12"><span class='ocrx_word' id='word_1_494' title='bbox 245 2067 286 2101; x_wconf 85' lang='lat' dir='ltr'>ad</span> <span class='ocrx_word' id='word_1_495' title='bbox 298 2071 386 2100; x_wconf 83' lang='lat' dir='ltr'>duos</span> <span class='ocrx_word' id='word_1_496' title='bbox 396 2063 524 2113; x_wconf 71' lang='lat' dir='ltr'>passus,</span> <span class='ocrx_word' id='word_1_497' title='bbox 541 2075 578 2099; x_wconf 91' lang='lat' dir='ltr'>ut</span> <span class='ocrx_word' id='word_1_498' title='bbox 589 2065 697 2099; x_wconf 70' lang='lat' dir='ltr'>ferme</span> <span class='ocrx_word' id='word_1_499' title='bbox 705 2066 982 2113; x_wconf 62' lang='lat' dir='ltr'>praecipitaretur.</span> <span class='ocrx_word' id='word_1_500' title='bbox 1032 2066 1067 2101; x_wconf 86' lang='lat' dir='ltr'>Si</span> <span class='ocrx_word' id='word_1_501' title='bbox 1084 2065 1195 2100; x_wconf 83' lang='lat' dir='ltr'>fuisset</span> <span class='ocrx_word' id='word_1_502' title='bbox 1212 2064 1435 2100; x_wconf 76' lang='lat' dir='ltr'>ibiexercitus</span> <span class='ocrx_word' id='word_1_503' title='bbox 1445 2063 1630 2098; x_wconf 86' lang='lat' dir='ltr'>bominum</span> <span class='ocrx_word' id='word_1_504' title='bbox 1641 2062 1698 2102; x_wconf 67' lang='grc' dir='ltr'>,ὅς</span> <span class='ocrx_word' id='word_1_505' title='bbox 1713 2062 1895 2101; x_wconf 86' lang='lat' dir='ltr'>omnibus,</span> <span class='ocrx_word' id='word_1_506' title='bbox 1909 2061 1965 2097; x_wconf 87' lang='lat' dir='ltr'>vel</span> <span class='ocrx_word' id='word_1_507' title='bbox 2019 2061 2022 2111; x_wconf 48' lang='grc' dir='ltr'><strong>ᾗ</strong></span> 
     </span>
     <span class='ocr_line' id='line_1_41' title="bbox 245 2110 2022 2161; baseline -0.002 -12"><span class='ocrx_word' id='word_1_508' title='bbox 245 2113 362 2149; x_wconf 78' lang='lat' dir='ltr'>multis</span> <span class='ocrx_word' id='word_1_509' title='bbox 379 2115 507 2148; x_wconf 80' lang='lat' dir='ltr'>eodem</span> <span class='ocrx_word' id='word_1_510' title='bbox 522 2114 653 2161; x_wconf 83' lang='lat' dir='ltr'>impetu</span> <span class='ocrx_word' id='word_1_511' title='bbox 663 2115 766 2148; x_wconf 86' lang='lat' dir='ltr'>turbo</span> <span class='ocrx_word' id='word_1_512' title='bbox 781 2113 912 2159; x_wconf 85' lang='lat' dir='ltr'>pileum</span> <span class='ocrx_word' id='word_1_513' title='bbox 927 2111 1139 2161; x_wconf 81' lang='lat' dir='ltr'>abripuiffet,</span> <span class='ocrx_word' id='word_1_514' title='bbox 1148 2113 1183 2148; x_wconf 77' lang='grc' dir='ltr'>ὅ(</span> <span class='ocrx_word' id='word_1_515' title='bbox 1194 2111 1389 2160; x_wconf 63' lang='lat' dir='ltr'>asportasset</span> <span class='ocrx_word' id='word_1_516' title='bbox 1402 2112 1438 2146; x_wconf 90' lang='lat' dir='ltr'>in</span> <span class='ocrx_word' id='word_1_517' title='bbox 1448 2111 1541 2146; x_wconf 88' lang='lat' dir='ltr'>villas</span> <span class='ocrx_word' id='word_1_518' title='bbox 1550 2111 1591 2146; x_wconf 91' lang='lat' dir='ltr'>ad</span> <span class='ocrx_word' id='word_1_519' title='bbox 1600 2110 1731 2146; x_wconf 89' lang='lat' dir='ltr'>montis</span> <span class='ocrx_word' id='word_1_520' title='bbox 1740 2111 1870 2145; x_wconf 81' lang='lat' dir='ltr'>radices</span> <span class='ocrx_word' id='word_1_521' title='bbox 1879 2110 1964 2157; x_wconf 83' lang='lat' dir='ltr'>posi·</span> <span class='ocrx_word' id='word_1_522' title='bbox 2018 2114 2022 2122; x_wconf 79' lang='grc'><em>’</em></span> 
     </span>
     <span class='ocr_line' id='line_1_42' title="bbox 246 2157 1964 2209; baseline -0.003 -11"><span class='ocrx_word' id='word_1_523' title='bbox 246 2161 475 2209; x_wconf 71' lang='lat' dir='ltr'>tas,jm·.ilsent</span> <span class='ocrx_word' id='word_1_524' title='bbox 489 2162 601 2197; x_wconf 82' lang='lat' dir='ltr'>rustici</span> <span class='ocrx_word' id='word_1_525' title='bbox 640 2161 712 2196; x_wconf 87' lang='lat' dir='ltr'>ileis</span> <span class='ocrx_word' id='word_1_526' title='bbox 733 2161 852 2209; x_wconf 76' lang='lat' dir='ltr'>pluisse</span> <span class='ocrx_word' id='word_1_527' title='bbox 866 2184 877 2202; x_wconf 84' lang='lat'>,</span> <span class='ocrx_word' id='word_1_528' title='bbox 897 2173 965 2197; x_wconf 89' lang='lat' dir='ltr'>nec</span> <span class='ocrx_word' id='word_1_529' title='bbox 981 2160 1164 2196; x_wconf 86' lang='lat' dir='ltr'>defuissent</span> <span class='ocrx_word' id='word_1_530' title='bbox 1176 2160 1338 2196; x_wconf 87' lang='lat' dir='ltr'>Historici</span> <span class='ocrx_word' id='word_1_531' title='bbox 1353 2183 1362 2200; x_wconf 92' lang='lat'>,</span> <span class='ocrx_word' id='word_1_532' title='bbox 1377 2161 1436 2208; x_wconf 91' lang='lat' dir='ltr'>qui</span> <span class='ocrx_word' id='word_1_533' title='bbox 1452 2160 1487 2195; x_wconf 93' lang='lat' dir='ltr'>id</span> <span class='ocrx_word' id='word_1_534' title='bbox 1507 2159 1599 2195; x_wconf 85' lang='lat' dir='ltr'>libris</span> <span class='ocrx_word' id='word_1_535' title='bbox 1617 2159 1680 2194; x_wconf 88' lang='lat' dir='ltr'>suis</span> <span class='ocrx_word' id='word_1_536' title='bbox 1702 2157 1964 2205; x_wconf 79' lang='lat' dir='ltr'>confignaffent.</span> 
     </span>
     <span class='ocr_line' id='line_1_43' title="bbox 243 2207 2023 2258; baseline -0.003 -10"><span class='ocrx_word' id='word_1_537' title='bbox 243 2211 357 2258; x_wconf 80' lang='lat' dir='ltr'>AEque</span> <span class='ocrx_word' id='word_1_538' title='bbox 376 2210 560 2245; x_wconf 88' lang='lat' dir='ltr'>ridiculum</span> <span class='ocrx_word' id='word_1_539' title='bbox 586 2212 617 2244; x_wconf 83' lang='lat' dir='ltr'>el</span> <span class='ocrx_word' id='word_1_540' title='bbox 648 2233 658 2249; x_wconf 93' lang='lat'>,</span> <span class='ocrx_word' id='word_1_541' title='bbox 681 2211 777 2257; x_wconf 88' lang='lat' dir='ltr'>quod</span> <span class='ocrx_word' id='word_1_542' title='bbox 793 2210 932 2245; x_wconf 87' lang='lat' dir='ltr'>Cabeus</span> <span class='ocrx_word' id='word_1_543' title='bbox 949 2220 1062 2245; x_wconf 67' lang='lat' dir='ltr'>narrat</span> <span class='ocrx_word' id='word_1_544' title='bbox 1074 2232 1086 2249; x_wconf 86' lang='lat'>,</span> <span class='ocrx_word' id='word_1_545' title='bbox 1108 2208 1288 2257; x_wconf 75' lang='lat' dir='ltr'>contigisse</span> <span class='ocrx_word' id='word_1_546' title='bbox 1301 2209 1456 2244; x_wconf 81' lang='lat' dir='ltr'>Mantuae</span> <span class='ocrx_word' id='word_1_547' title='bbox 1471 2207 1561 2243; x_wconf 90' lang='lat' dir='ltr'>circa</span> <span class='ocrx_word' id='word_1_548' title='bbox 1575 2219 1706 2242; x_wconf 89' lang='lat' dir='ltr'>annum</span> <span class='ocrx_word' id='word_1_549' title='bbox 1722 2208 1802 2248; x_wconf 80' lang='lat'>1618.</span> <span class='ocrx_word' id='word_1_550' title='bbox 1817 2216 1964 2243; x_wconf 87' lang='lat' dir='ltr'>ventum</span> <span class='ocrx_word' id='word_1_551' title='bbox 2020 2212 2023 2224; x_wconf 74' lang='lat'><em>‘</em></span> 
     </span>
     <span class='ocr_line' id='line_1_44' title="bbox 242 2254 1961 2307; baseline -0.002 -13"><span class='ocrx_word' id='word_1_552' title='bbox 242 2259 409 2294; x_wconf 86' lang='lat' dir='ltr'>nimirum</span> <span class='ocrx_word' id='word_1_553' title='bbox 419 2256 760 2293; x_wconf 69' lang='lat' dir='ltr'>vehementissimum</span> <span class='ocrx_word' id='word_1_554' title='bbox 775 2259 865 2294; x_wconf 88' lang='lat' dir='ltr'>inter</span> <span class='ocrx_word' id='word_1_555' title='bbox 873 2258 935 2294; x_wconf 85' lang='lat' dir='ltr'>alia</span> <span class='ocrx_word' id='word_1_556' title='bbox 949 2256 1126 2307; x_wconf 81' lang='lat' dir='ltr'>abripuisse</span> <span class='ocrx_word' id='word_1_557' title='bbox 1135 2257 1315 2293; x_wconf 88' lang='lat' dir='ltr'>mulierem</span> <span class='ocrx_word' id='word_1_558' title='bbox 1331 2257 1502 2293; x_wconf 81' lang='lat' dir='ltr'>lavantem</span> <span class='ocrx_word' id='word_1_559' title='bbox 1512 2267 1648 2305; x_wconf 88' lang='lat' dir='ltr'>pannos</span> <span class='ocrx_word' id='word_1_560' title='bbox 1661 2256 1705 2291; x_wconf 88' lang='lat' dir='ltr'>ad</span> <span class='ocrx_word' id='word_1_561' title='bbox 1713 2254 1826 2291; x_wconf 83' lang='lat' dir='ltr'>lacum</span> <span class='ocrx_word' id='word_1_562' title='bbox 1835 2278 1846 2297; x_wconf 71' lang='lat'><em>2</em></span> <span class='ocrx_word' id='word_1_563' title='bbox 1855 2254 1891 2291; x_wconf 75' lang='grc' dir='ltr'>ὅ(</span> <span class='ocrx_word' id='word_1_564' title='bbox 1899 2265 1961 2304; x_wconf 86' lang='lat' dir='ltr'>per</span> 
     </span>
     <span class='ocr_line' id='line_1_45' title="bbox 243 2303 1975 2354; baseline -0.002 -12"><span class='ocrx_word' id='word_1_565' title='bbox 243 2313 322 2342; x_wconf 71' lang='lat' dir='ltr'>aera</span> <span class='ocrx_word' id='word_1_566' title='bbox 335 2303 532 2354; x_wconf 75' lang='lat' dir='ltr'>longiliime</span> <span class='ocrx_word' id='word_1_567' title='bbox 547 2306 737 2354; x_wconf 76' lang='lat' dir='ltr'>asportasse.</span> <span class='ocrx_word' id='word_1_568' title='bbox 1968 2318 1975 2326; x_wconf 89' lang='lat'><strong>·</strong></span> 
     </span>
    </p>

    <p class='ocr_par' dir='ltr' id='par_1_7' title="bbox 245 2350 2021 2451">
     <span class='ocr_line' id='line_1_46' title="bbox 343 2350 2021 2402; baseline -0.001 -13"><span class='ocrx_word' id='word_1_569' title='bbox 343 2354 533 2390; x_wconf 82' lang='lat' dir='ltr'>Conclusio</span> <span class='ocrx_word' id='word_1_570' title='bbox 548 2355 679 2401; x_wconf 87' lang='lat' dir='ltr'>quinta.</span> <span class='ocrx_word' id='word_1_571' title='bbox 730 2354 819 2389; x_wconf 86' lang='lat' dir='ltr'>Finis</span> <span class='ocrx_word' id='word_1_572' title='bbox 834 2355 957 2390; x_wconf 81' lang='lat' dir='ltr'>harum</span> <span class='ocrx_word' id='word_1_573' title='bbox 975 2354 1167 2402; x_wconf 88' lang='lat' dir='ltr'>pluviarum</span> <span class='ocrx_word' id='word_1_574' title='bbox 1178 2354 1213 2389; x_wconf 76' lang='grc' dir='ltr'>ὅ(</span> <span class='ocrx_word' id='word_1_575' title='bbox 1230 2352 1429 2402; x_wconf 81' lang='lat' dir='ltr'>significatio</span> <span class='ocrx_word' id='word_1_576' title='bbox 1439 2353 1677 2389; x_wconf 89' lang='lat' dir='ltr'>communiter</span> <span class='ocrx_word' id='word_1_577' title='bbox 1687 2350 1882 2401; x_wconf 83' lang='lat' dir='ltr'>prodigiosa</span> <span class='ocrx_word' id='word_1_578' title='bbox 1895 2350 1963 2388; x_wconf 86' lang='lat' dir='ltr'>esse</span> <span class='ocrx_word' id='word_1_579' title='bbox 2019 2387 2021 2398; x_wconf 79' lang='grc'>,</span> 
     </span>
     <span class='ocr_line' id='line_1_47' title="bbox 245 2399 2020 2451; baseline -0.002 -13"><span class='ocrx_word' id='word_1_580' title='bbox 245 2403 330 2439; x_wconf 87' lang='lat' dir='ltr'>solet</span> <span class='ocrx_word' id='word_1_581' title='bbox 343 2427 352 2445; x_wconf 88' lang='lat'>,</span> <span class='ocrx_word' id='word_1_582' title='bbox 370 2405 572 2451; x_wconf 60' lang='lat' dir='ltr'>quaiiempe*</span> <span class='ocrx_word' id='word_1_583' title='bbox 590 2403 717 2438; x_wconf 86' lang='lat' dir='ltr'>Divina</span> <span class='ocrx_word' id='word_1_584' title='bbox 730 2402 954 2439; x_wconf 85' lang='lat' dir='ltr'>Providentia</span> <span class='ocrx_word' id='word_1_585' title='bbox 969 2403 1052 2450; x_wconf 62' lang='lat' dir='ltr'>saepe</span> <span class='ocrx_word' id='word_1_586' title='bbox 1074 2414 1127 2438; x_wconf 90' lang='lat' dir='ltr'>res</span> <span class='ocrx_word' id='word_1_587' title='bbox 1145 2403 1368 2437; x_wconf 87' lang='lat' dir='ltr'>imminentes</span> <span class='ocrx_word' id='word_1_588' title='bbox 1383 2402 1534 2436; x_wconf 88' lang='lat' dir='ltr'>indicare</span> <span class='ocrx_word' id='word_1_589' title='bbox 1551 2424 1563 2442; x_wconf 95' lang='lat'>,</span> <span class='ocrx_word' id='word_1_590' title='bbox 1585 2411 1689 2449; x_wconf 88' lang='lat' dir='ltr'>atque</span> <span class='ocrx_word' id='word_1_591' title='bbox 1710 2401 1901 2435; x_wconf 84' lang='lat' dir='ltr'>indicando</span> <span class='ocrx_word' id='word_1_592' title='bbox 1916 2401 1962 2436; x_wconf 88' lang='lat' dir='ltr'>de</span> <span class='ocrx_word' id='word_1_593' title='bbox 2018 2399 2020 2421; x_wconf 69' lang='lat'><em>³</em></span> 
     </span>
    </p>

    <p class='ocr_par' dir='ltr' id='par_1_8' title="bbox 242 2448 1962 2693">
     <span class='ocr_line' id='line_1_48' title="bbox 244 2448 1962 2499; baseline -0.002 -12"><span class='ocrx_word' id='word_1_594' title='bbox 244 2453 367 2487; x_wconf 86' lang='lat' dir='ltr'>iisdem</span> <span class='ocrx_word' id='word_1_595' title='bbox 383 2451 573 2499; x_wconf 85' lang='lat' dir='ltr'>quemlibet</span> <span class='ocrx_word' id='word_1_596' title='bbox 585 2463 803 2499; x_wconf 65' lang='lat' dir='ltr'>praemonere</span> <span class='ocrx_word' id='word_1_597' title='bbox 817 2451 914 2498; x_wconf 89' lang='lat' dir='ltr'>cupit</span> <span class='ocrx_word' id='word_1_598' title='bbox 926 2474 936 2488; x_wconf 79' lang='lat'>,</span> <span class='ocrx_word' id='word_1_599' title='bbox 952 2462 985 2485; x_wconf 76' lang='lat' dir='ltr'>ut</span> <span class='ocrx_word' id='word_1_600' title='bbox 999 2452 1046 2485; x_wconf 87' lang='lat' dir='ltr'>det</span> <span class='ocrx_word' id='word_1_601' title='bbox 1062 2449 1253 2485; x_wconf 75' lang='lat' dir='ltr'>metuentfhus</span> <span class='ocrx_word' id='word_1_602' title='bbox 1267 2449 1546 2498; x_wconf 59' lang='lat' dir='ltr'>[est-Jgnfficatt&#39;onem.</span> <span class='ocrx_word' id='word_1_603' title='bbox 1597 2452 1654 2485; x_wconf 87' lang='lat' dir='ltr'>An</span> <span class='ocrx_word' id='word_1_604' title='bbox 1674 2459 1790 2483; x_wconf 87' lang='lat' dir='ltr'>autem</span> <span class='ocrx_word' id='word_1_605' title='bbox 1813 2448 1962 2496; x_wconf 89' lang='lat' dir='ltr'>semper,</span> 
     </span>
     <span class='ocr_line' id='line_1_49' title="bbox 244 2496 1961 2547; baseline -0.003 -11"><span class='ocrx_word' id='word_1_606' title='bbox 244 2511 283 2536; x_wconf 87' lang='lat' dir='ltr'>ut</span> <span class='ocrx_word' id='word_1_607' title='bbox 297 2500 530 2547; x_wconf 75' lang='lat' dir='ltr'>aliquisiiVole</span> <span class='ocrx_word' id='word_1_608' title='bbox 541 2500 762 2538; x_wconf 73' lang='lat' dir='ltr'>arbitrantur,</span> <span class='ocrx_word' id='word_1_609' title='bbox 777 2499 966 2547; x_wconf 71' lang='lat' dir='ltr'>sanguineae</span> <span class='ocrx_word' id='word_1_610' title='bbox 979 2499 1102 2546; x_wconf 80' lang='lat' dir='ltr'>pluvia:</span> <span class='ocrx_word' id='word_1_611' title='bbox 1117 2497 1619 2547; x_wconf 82' lang='lat' dir='ltr'>praenotent,acpraenuntient</span> <span class='ocrx_word' id='word_1_612' title='bbox 1634 2497 1815 2546; x_wconf 89' lang='lat' dir='ltr'>ingentem</span> <span class='ocrx_word' id='word_1_613' title='bbox 1831 2496 1961 2546; x_wconf 72' lang='lat' dir='ltr'>stingui-</span> 
     </span>
     <span class='ocr_line' id='line_1_50' title="bbox 243 2545 1961 2594; baseline -0.002 -10"><span class='ocrx_word' id='word_1_614' title='bbox 243 2550 296 2584; x_wconf 92' lang='lat' dir='ltr'>nis</span> <span class='ocrx_word' id='word_1_615' title='bbox 306 2549 528 2588; x_wconf 78' lang='lat' dir='ltr'>effusionem,</span> <span class='ocrx_word' id='word_1_616' title='bbox 546 2549 693 2583; x_wconf 79' lang='lat' dir='ltr'>cinereoe</span> <span class='ocrx_word' id='word_1_617' title='bbox 705 2548 866 2582; x_wconf 89' lang='lat' dir='ltr'>locorum</span> <span class='ocrx_word' id='word_1_618' title='bbox 885 2547 1122 2592; x_wconf 83' lang='lat' dir='ltr'>exustionem·,</span> <span class='ocrx_word' id='word_1_619' title='bbox 1138 2548 1293 2582; x_wconf 86' lang='lat' dir='ltr'>carnium</span> <span class='ocrx_word' id='word_1_620' title='bbox 1308 2546 1430 2594; x_wconf 84' lang='lat' dir='ltr'>pluviae</span> <span class='ocrx_word' id='word_1_621' title='bbox 1445 2545 1604 2581; x_wconf 86' lang='lat' dir='ltr'>hostilem</span> <span class='ocrx_word' id='word_1_622' title='bbox 1623 2545 1852 2585; x_wconf 84' lang='lat' dir='ltr'>invasionem,</span> <span class='ocrx_word' id='word_1_623' title='bbox 1866 2545 1961 2594; x_wconf 87' lang='lat' dir='ltr'>pisci-</span> 
     </span>
     <span class='ocr_line' id='line_1_51' title="bbox 244 2593 1961 2645; baseline -0.002 -13"><span class='ocrx_word' id='word_1_624' title='bbox 244 2609 303 2633; x_wconf 91' lang='lat' dir='ltr'>um</span> <span class='ocrx_word' id='word_1_625' title='bbox 317 2597 439 2645; x_wconf 70' lang='lat' dir='ltr'>pluvia:</span> <span class='ocrx_word' id='word_1_626' title='bbox 450 2597 688 2644; x_wconf 89' lang='lat' dir='ltr'>proditionem</span> <span class='ocrx_word' id='word_1_627' title='bbox 701 2610 709 2631; x_wconf 72' lang='grc' dir='ltr'>ε</span> <span class='ocrx_word' id='word_1_628' title='bbox 722 2596 876 2643; x_wconf 90' lang='lat' dir='ltr'>lapidum</span> <span class='ocrx_word' id='word_1_629' title='bbox 890 2595 1015 2643; x_wconf 76' lang='lat' dir='ltr'>pluvi&#39;ae</span> <span class='ocrx_word' id='word_1_630' title='bbox 1025 2596 1210 2631; x_wconf 89' lang='lat' dir='ltr'>hominum</span> <span class='ocrx_word' id='word_1_631' title='bbox 1222 2595 1497 2634; x_wconf 85' lang='lat' dir='ltr'>indurationem,</span> <span class='ocrx_word' id='word_1_632' title='bbox 1513 2595 1549 2630; x_wconf 72' lang='lat' dir='ltr'>&lt;Sc</span> <span class='ocrx_word' id='word_1_633' title='bbox 1563 2593 1880 2630; x_wconf 80' lang='lat' dir='ltr'>obcaecationemin</span> <span class='ocrx_word' id='word_1_634' title='bbox 1889 2606 1961 2629; x_wconf 90' lang='lat' dir='ltr'>ma-</span> 
     </span>
     <span class='ocr_line' id='line_1_52' title="bbox 242 2641 1960 2693; baseline -0.002 -13"><span class='ocrx_word' id='word_1_635' title='bbox 242 2646 278 2680; x_wconf 87' lang='lat' dir='ltr'>lo</span> <span class='ocrx_word' id='word_1_636' title='bbox 289 2658 299 2690; x_wconf 67' lang='grc' dir='ltr'><strong>ς</strong></span> <span class='ocrx_word' id='word_1_637' title='bbox 315 2645 375 2681; x_wconf 63' lang='lat' dir='ltr'>la&amp;</span> <span class='ocrx_word' id='word_1_638' title='bbox 383 2657 429 2681; x_wconf 73' lang='lat' dir='ltr'>ecc</span> <span class='ocrx_word' id='word_1_639' title='bbox 439 2646 583 2680; x_wconf 78' lang='lat' dir='ltr'>demum</span> <span class='ocrx_word' id='word_1_640' title='bbox 594 2645 716 2693; x_wconf 83' lang='lat' dir='ltr'>pluviae</span> <span class='ocrx_word' id='word_1_641' title='bbox 733 2644 999 2680; x_wconf 78' lang='lat' dir='ltr'>foecunditatem</span> <span class='ocrx_word' id='word_1_642' title='bbox 1010 2656 1135 2680; x_wconf 89' lang='lat' dir='ltr'>eorum</span> <span class='ocrx_word' id='word_1_643' title='bbox 1151 2643 1312 2679; x_wconf 85' lang='lat' dir='ltr'>omnium</span> <span class='ocrx_word' id='word_1_644' title='bbox 1322 2666 1333 2684; x_wconf 90' lang='lat'>,</span> <span class='ocrx_word' id='word_1_645' title='bbox 1351 2654 1427 2692; x_wconf 86' lang='lat' dir='ltr'>quae</span> <span class='ocrx_word' id='word_1_646' title='bbox 1436 2643 1471 2678; x_wconf 90' lang='lat' dir='ltr'>in</span> <span class='ocrx_word' id='word_1_647' title='bbox 1479 2641 1685 2678; x_wconf 88' lang='lat' dir='ltr'>alimentum</span> <span class='ocrx_word' id='word_1_648' title='bbox 1695 2643 1843 2683; x_wconf 85' lang='lat' dir='ltr'>cedunt,</span> <span class='ocrx_word' id='word_1_649' title='bbox 1852 2653 1960 2678; x_wconf 91' lang='lat' dir='ltr'>nemo</span> 
     </span>
    </p>
   </div>
   <div class='ocr_carea' id='block_1_3' title="bbox 242 2693 598 2742">
    <p class='ocr_par' dir='ltr' id='par_1_9' title="bbox 242 2693 598 2742">
     <span class='ocr_line' id='line_1_53' title="bbox 242 2693 598 2742; baseline 0 -13"><span class='ocrx_word' id='word_1_650' title='bbox 242 2694 306 2730; x_wconf 76' lang='lat' dir='ltr'>rite</span> <span class='ocrx_word' id='word_1_651' title='bbox 320 2693 461 2729; x_wconf 85' lang='lat' dir='ltr'>asserere</span> <span class='ocrx_word' id='word_1_652' title='bbox 476 2693 598 2742; x_wconf 88' lang='lat' dir='ltr'>potest.</span> 
     </span>
    </p>
   </div>
   <div class='ocr_carea' id='block_1_4' title="bbox 735 2795 1457 2858">
    <p class='ocr_par' dir='ltr' id='par_1_10' title="bbox 735 2795 1457 2858">
     <span class='ocr_line' id='line_1_54' title="bbox 735 2795 1457 2858; baseline -0.006 -7"><span class='ocrx_word' id='word_1_653' title='bbox 735 2795 1457 2858; x_wconf 65' lang='lat' dir='ltr'><em>APPEN‘DJX,</em></span> 
     </span>
    </p>
   </div>
   <div class='ocr_carea' id='block_1_5' title="bbox 239 2886 1959 3166">
    <p class='ocr_par' dir='ltr' id='par_1_11' title="bbox 239 2886 1959 3166">
     <span class='ocr_line' id='line_1_55' title="bbox 241 2886 1959 2960; baseline -0.004 -30"><span class='ocrx_word' id='word_1_654' title='bbox 241 2886 520 2960; x_wconf 79' lang='lat' dir='ltr'>ARtificialem</span> <span class='ocrx_word' id='word_1_655' title='bbox 537 2892 758 2929; x_wconf 80' lang='lat' dir='ltr'>invisentibus</span> <span class='ocrx_word' id='word_1_656' title='bbox 776 2892 966 2941; x_wconf 85' lang='lat' dir='ltr'>hospitibus</span> <span class='ocrx_word' id='word_1_657' title='bbox 987 2889 1139 2940; x_wconf 85' lang='lat' dir='ltr'>pluviam</span> <span class='ocrx_word' id='word_1_658' title='bbox 1163 2891 1420 2938; x_wconf 69' lang='lat' dir='ltr'>nonnunquam</span> <span class='ocrx_word' id='word_1_659' title='bbox 1435 2889 1494 2926; x_wconf 91' lang='lat' dir='ltr'>suo</span> <span class='ocrx_word' id='word_1_660' title='bbox 1510 2889 1544 2925; x_wconf 89' lang='lat' dir='ltr'>in</span> <span class='ocrx_word' id='word_1_661' title='bbox 1561 2888 1724 2926; x_wconf 87' lang='lat' dir='ltr'>cubiculo</span> <span class='ocrx_word' id='word_1_662' title='bbox 1741 2887 1959 2936; x_wconf 70' lang='lat' dir='ltr'>spe&amp;andam</span> 
     </span>
     <span class='ocr_line' id='line_1_56' title="bbox 322 2936 1958 2989; baseline -0.002 -12"><span class='ocrx_word' id='word_1_663' title='bbox 322 2941 460 2979; x_wconf 77' lang='lat' dir='ltr'>deditP.</span> <span class='ocrx_word' id='word_1_664' title='bbox 472 2941 659 2977; x_wconf 85' lang='lat' dir='ltr'>Kircherus</span> <span class='ocrx_word' id='word_1_665' title='bbox 673 2965 683 2979; x_wconf 84' lang='lat'>,</span> <span class='ocrx_word' id='word_1_666' title='bbox 699 2943 741 2975; x_wconf 83' lang='lat' dir='ltr'>ad</span> <span class='ocrx_word' id='word_1_667' title='bbox 758 2953 861 2989; x_wconf 81' lang='lat' dir='ltr'>quam</span> <span class='ocrx_word' id='word_1_668' title='bbox 877 2940 1071 2975; x_wconf 84' lang='lat' dir='ltr'>faciendam</span> <span class='ocrx_word' id='word_1_669' title='bbox 1088 2940 1230 2974; x_wconf 90' lang='lat' dir='ltr'>tradidit</span> <span class='ocrx_word' id='word_1_670' title='bbox 1245 2940 1445 2987; x_wconf 85' lang='lat' dir='ltr'>sequentem</span> <span class='ocrx_word' id='word_1_671' title='bbox 1466 2950 1504 2974; x_wconf 91' lang='lat' dir='ltr'>re</span> <span class='ocrx_word' id='word_1_672' title='bbox 1530 2937 1621 2974; x_wconf 91' lang='lat' dir='ltr'>ulam</span> <span class='ocrx_word' id='word_1_673' title='bbox 1636 2953 1645 2974; x_wconf 72' lang='grc' dir='ltr'>ς</span> <span class='ocrx_word' id='word_1_674' title='bbox 1669 2937 1726 2973; x_wconf 80' lang='lat' dir='ltr'>fiat</span> <span class='ocrx_word' id='word_1_675' title='bbox 1741 2936 1859 2972; x_wconf 85' lang='lat' dir='ltr'>tholus</span> <span class='ocrx_word' id='word_1_676' title='bbox 1871 2960 1882 2977; x_wconf 90' lang='lat'>,</span> <span class='ocrx_word' id='word_1_677' title='bbox 1900 2936 1958 2973; x_wconf 87' lang='lat' dir='ltr'>seu</span> 
     </span>
     <span class='ocr_line' id='line_1_57' title="bbox 239 2985 1958 3042; baseline -0.003 -16"><span class='ocrx_word' id='word_1_678' title='bbox 239 2991 357 3027; x_wconf 75' lang='lat' dir='ltr'>fornix</span> <span class='ocrx_word' id='word_1_679' title='bbox 367 2990 562 3025; x_wconf 77' lang='lat' dir='ltr'>met-allinus</span> <span class='ocrx_word' id='word_1_680' title='bbox 570 2999 628 3024; x_wconf 87' lang='lat' dir='ltr'>aut</span> <span class='ocrx_word' id='word_1_681' title='bbox 640 2991 770 3024; x_wconf 71' lang='lat' dir='ltr'>ferreus</span> <span class='ocrx_word' id='word_1_682' title='bbox 786 2989 995 3036; x_wconf 71' lang='lat' dir='ltr'>duplicatus,</span> <span class='ocrx_word' id='word_1_683' title='bbox 1013 2988 1069 3022; x_wconf 90' lang='lat' dir='ltr'>cui</span> <span class='ocrx_word' id='word_1_684' title='bbox 1079 2988 1319 3035; x_wconf 72' lang='lat' dir='ltr'>interponatur</span> <span class='ocrx_word' id='word_1_685' title='bbox 1327 2989 1404 3026; x_wconf 81' lang='lat' dir='ltr'>nix,</span> <span class='ocrx_word' id='word_1_686' title='bbox 1418 2996 1506 3042; x_wconf 74' lang='lat' dir='ltr'>autg</span> <span class='ocrx_word' id='word_1_687' title='bbox 1519 2987 1609 3022; x_wconf 89' lang='lat' dir='ltr'>acies</span> <span class='ocrx_word' id='word_1_688' title='bbox 1626 2985 1769 3022; x_wconf 73' lang='lat' dir='ltr'>contusa</span> <span class='ocrx_word' id='word_1_689' title='bbox 1784 2985 1958 3025; x_wconf 81' lang='lat' dir='ltr'>nitro,vel</span> 
     </span>
     <span class='ocr_line' id='line_1_58' title="bbox 239 3033 1959 3085; baseline -0.003 -10"><span class='ocrx_word' id='word_1_690' title='bbox 239 3038 379 3075; x_wconf 83' lang='lat' dir='ltr'>vitriolo</span> <span class='ocrx_word' id='word_1_691' title='bbox 396 3039 511 3074; x_wconf 80' lang='lat' dir='ltr'>mixta.</span> <span class='ocrx_word' id='word_1_692' title='bbox 543 3038 582 3073; x_wconf 86' lang='lat' dir='ltr'>In</span> <span class='ocrx_word' id='word_1_693' title='bbox 593 3049 741 3085; x_wconf 80' lang='lat' dir='ltr'>quatuor</span> <span class='ocrx_word' id='word_1_694' title='bbox 757 3037 905 3073; x_wconf 88' lang='lat' dir='ltr'>cubiculi</span> <span class='ocrx_word' id='word_1_695' title='bbox 915 3036 1048 3084; x_wconf 77' lang='lat' dir='ltr'>angulis</span> <span class='ocrx_word' id='word_1_696' title='bbox 1066 3036 1214 3071; x_wconf 84' lang='lat' dir='ltr'>totidem</span> <span class='ocrx_word' id='word_1_697' title='bbox 1226 3037 1371 3071; x_wconf 88' lang='lat' dir='ltr'>cacabos</span> <span class='ocrx_word' id='word_1_698' title='bbox 1386 3035 1609 3084; x_wconf 83' lang='lat' dir='ltr'>superignem</span> <span class='ocrx_word' id='word_1_699' title='bbox 1620 3034 1803 3070; x_wconf 83' lang='lat' dir='ltr'>bullientes</span> <span class='ocrx_word' id='word_1_700' title='bbox 1817 3033 1959 3081; x_wconf 44' lang='lat' dir='ltr'>pone&amp;</span> 
     </span>
     <span class='ocr_line' id='line_1_59' title="bbox 239 3081 1957 3136; baseline -0.003 -13"><span class='ocrx_word' id='word_1_701' title='bbox 239 3087 364 3136; x_wconf 80' lang='lat' dir='ltr'>quihus</span> <span class='ocrx_word' id='word_1_702' title='bbox 373 3087 500 3135; x_wconf 84' lang='lat' dir='ltr'>copiosi</span> <span class='ocrx_word' id='word_1_703' title='bbox 509 3097 657 3134; x_wconf 83' lang='lat' dir='ltr'>vapores</span> <span class='ocrx_word' id='word_1_704' title='bbox 671 3085 858 3122; x_wconf 85' lang='lat' dir='ltr'>ascendent</span> <span class='ocrx_word' id='word_1_705' title='bbox 866 3108 876 3127; x_wconf 62' lang='lat'>2</span> <span class='ocrx_word' id='word_1_706' title='bbox 886 3084 944 3133; x_wconf 89' lang='lat' dir='ltr'>qui</span> <span class='ocrx_word' id='word_1_707' title='bbox 954 3085 988 3120; x_wconf 88' lang='lat' dir='ltr'>in</span> <span class='ocrx_word' id='word_1_708' title='bbox 997 3085 1148 3120; x_wconf 69' lang='lat' dir='ltr'>ferreum</span> <span class='ocrx_word' id='word_1_709' title='bbox 1158 3084 1331 3120; x_wconf 78' lang='lat' dir='ltr'>fornicem</span> <span class='ocrx_word' id='word_1_710' title='bbox 1341 3085 1590 3133; x_wconf 76' lang='lat' dir='ltr'>impingentes,</span> <span class='ocrx_word' id='word_1_711' title='bbox 1599 3084 1618 3119; x_wconf 75' lang='lat' dir='ltr'>a</span> <span class='ocrx_word' id='word_1_712' title='bbox 1626 3081 1957 3136; x_wconf 71' lang='lat' dir='ltr'>superimpolitagla-</span> 
     </span>
     <span class='ocr_line' id='line_1_60' title="bbox 1903 3142 1957 3166; baseline 0 0"><span class='ocrx_word' id='word_1_713' title='bbox 1903 3142 1957 3166; x_wconf 81' lang='lat' dir='ltr'>eie</span> 
     </span>
    </p>
   </div>
   <div class='ocr_carea' id='block_1_6' title="bbox 2010 208 2054 3307">
    <p class='ocr_par' dir='ltr' id='par_1_12' title="bbox 2010 208 2054 3307">
     <span class='ocr_line' id='line_1_61' title="bbox 2010 208 2054 3307; baseline 0 0"><span class='ocrx_word' id='word_1_714' title='bbox 2010 208 2054 3307; x_wconf 95' lang='lat' dir='ltr'> </span> 
     </span>
    </p>
   </div>
  </div>
 </body>
</html>
