2054 3496
610 215 1179 290 Philosophico-Politica.
1673 218 1740 271 26
1744 229 1772 287 3

51 301 171 335 tentat.
223 292 394 332 Providus
408 292 676 332 Politicioculus
695 296 796 331 caute
807 294 899 330 malo
915 296 1085 336 occurrit,
1099 304 1139 331 ut
1152 294 1189 331 in
1206 294 1339 332 semine
1354 293 1474 334 elidat,
1488 295 1634 331 adornat
1647 303 1782 343 tempe·
1828 328 1832 331 .

49 343 133 380 stive
148 345 318 384 remedia,
336 354 488 391 cumque
506 344 676 391 incipiunt
690 343 924 392 curvarileges
938 344 1034 379 velut
1043 355 1110 380 ova
1121 344 1325 382 immanium
1336 343 1568 380 calamitatum
1582 344 1617 378 in
1627 345 1781 379 cunabu-

50 391 90 426 lis
100 393 298 432 contundit.
352 393 448 426 Dum
468 391 503 426 in
516 393 620 427 herba
635 391 756 426 lolium
766 391 829 431 est,
849 392 1067 430 exterminat,
1116 389 1238 427 Primis
1257 393 1372 441 legum
1389 392 1539 439 rupturis
1549 393 1727 431 medetur,
1737 404 1782 427 ne

52 439 189 489 integer
197 440 290 476 casus
308 439 538 487 subsequatur.
592 439 678 475 Non
689 448 782 474 natas
792 440 908 475 adhuc
923 440 1096 475 domuum
1111 440 1213 475 rimas
1228 440 1418 488 praevertit,
1434 439 1493 487 qui
1508 451 1580 476 non
1598 439 1672 476 vult
1685 441 1781 476 vide-

52 500 87 524 re
99 500 217 524 muros
231 497 327 524 terrae
343 496 508 534 aequatOS.
559 488 713 536 Quando
726 487 892 523 labascere
908 488 1027 523 nititur
1037 488 1246 535 Reipublicae
1262 499 1453 537 compago,
1467 488 1601 523 calcem
1613 489 1781 524 admovet

53 538 105 572 vir
120 536 295 585 publicus,
312 535 448 584 Legum
465 534 612 573 vincula.
662 539 746 584 Leges
751 535 1126 583 fhntRerumpublicarum
1136 538 1274 577 vincula,
1288 535 1399 583 ajebat
1408 535 1515 571 Plato.
1566 534 1780 584 Lapislapidi

53 595 249 630 caement0;
264 596 389 620 nervus
407 595 515 619 nervo
527 580 715 630 jun&ura;
732 585 930 619 membrum
947 585 1047 619 civile
1062 582 1595 634 civiliLegisvinculoneffitur,
1610 587 1777 632 quointe-
1796 599 1859 633 Pla,
1891 599 1905 631 l
1931 610 1952 632 1·

53 646 112 681 gra
127 636 302 669 bonorum
322 643 442 668 catena
457 632 604 667 trahitur
615 653 626 672 ‚
642 632 662 666 fi
680 632 854 667 servantur
868 646 876 667 :
894 632 1066 667 malorum
1083 632 1153 667 ilias
1170 633 1403 679 subsequitur,
1420 633 1440 667 fi
1455 632 1640 669 violantur.
1691 633 1776 668 Vio.
1798 649 1832 681 de
1845 626 1925 696 leigii.

53 681 190 721 lanturff
209 683 445 717 Renoventur.
498 681 726 715 Renoventur
737 681 817 715 dico
828 702 838 720 ,
853 692 926 715 non
944 681 1167 716 innoventur.
1219 682 1316 729 Qid
1333 681 1425 717 enim
1436 692 1536 717 novae
1551 681 1644 729 leges
1661 703 1671 720 ,
1687 682 1707 716 fi
1724 693 1781 717 ve—

57 740 147 765 teres
164 740 371 765 corruerunt
389 728 403 767 ἳ
425 729 537 764 Novae
552 729 646 777 leges
664 728 797 764 nonnisi
813 740 894 764 cum
911 729 1082 764 evidentia
1098 729 1251 765 utilitatis
1266 730 1478 768 condendae,
1496 728 1589 764 suasst
1605 729 1785 777 Ulpianus,

59 780 132 814 Rex
143 780 247 813 durus
262 779 395 817 omnis,
414 777 542 824 sceptra
560 777 619 824 qui
637 777 757 812 tractat
771 788 873 815 nova.
923 776 1016 812 Tota
1029 789 1110 813 cura
1125 777 1178 818 fit,
1196 789 1242 813 ne
1252 779 1365 826 prilcae
1381 778 1621 824 antiquentur,
1636 790 1708 813 non
1726 790 1788 814 no—

57 838 107 862 vae
123 827 351 861 inveniantur.
405 824 588 861 Renovare
603 835 744 872 oportet
759 847 768 865 ,
785 836 860 872 quae
875 824 1052 860 senescunt
1066 848 1077 865 ,
1098 837 1172 860 non
1193 828 1348 862 condere
1361 849 1371 865 ,
1394 837 1470 873 quae
1487 826 1612 861 iterum
1628 836 1789 874 tempore

55 874 290 924 languescunt.
343 873 491 909 Emorili
507 875 680 921 coeperint
694 883 829 909 veteres
843 873 954 922 leges,
975 870 1098 909 florem
1108 875 1218 914 adde,
1230 885 1267 909 ut
1284 875 1499 910 revirelcant.
1552 874 1671 910 Oculo
1687 875 1788 910 soler-

56 925 125 959 tiin
143 922 328 959 violatores
345 923 488 971 indaga,
503 921 539 958 ὅ(
555 933 601 957 ne
617 922 651 956 in
664 920 723 956 suo
742 920 895 957 florelex
911 922 1116 961 veterascat,
1135 922 1263 970 spinam
1281 924 1388 963 adde,
1405 934 1547 970 poenam
1565 923 1670 959 sume.
1700 923 1788 959 Haec

0 1017 1 1024 ἵ
56 969 196 1019 peffima
205 970 251 1006 est
266 971 420 1011 bonitas,
437 981 512 1018 quae
523 971 589 1005 reis
608 970 732 1017 parcit,
748 972 844 1006 unde
862 970 954 1018 leges
965 969 1209 1011 collabascunt.
1260 969 1395 1007 Primos
1403 971 1510 1006 ruinae
1518 972 1682 1007 authores
1688 970 1786 1018 justi-

58 1022 103 1055 tia
121 1020 340 1068 perstringat,
358 1031 403 1053 ne
418 1019 587 1054 secundus
603 1019 769 1066 [equatur.
820 1017 968 1066 Lapsum
984 1019 1202 1067 prosequitur
1217 1041 1227 1060 ,
1243 1020 1302 1068 qui
1316 1019 1435 1068 primis
1449 1020 1602 1056 motibus
1619 1032 1691 1056 non
1707 1032 1789 1068 prae-

55 1069 172 1104 vertit.
223 1068 256 1102 Si
267 1067 489 1116 primuslegis
505 1076 730 1114 contemptus
746 1067 861 1115 rigore
877 1078 952 1102 non
961 1068 1220 1116 compensatur,
1241 1068 1309 1117 ipsa
1321 1067 1553 1103 misericordia
1564 1067 1670 1104 scelus
1680 1069 1788 1117 auspi-

57 1126 163 1152 catur.
214 1114 298 1151 Hoc
315 1113 454 1151 solenne
465 1115 510 1150 est
521 1114 793 1164 Legislatoribus
807 1137 817 1156 ,
845 1115 864 1150 fi
876 1116 963 1151 boni
979 1116 1108 1164 publici
1123 1116 1269 1152 Zelotes
1285 1115 1377 1157 sunt,
1395 1125 1506 1152 totam
1523 1117 1736 1152 severitatem
1755 1117 1790 1152 in

56 1165 187 1212 primos
202 1174 392 1199 exonerare
407 1165 573 1211 peccandi
583 1163 772 1211 magistros.
823 1165 947 1201 Brutus
963 1175 1143 1200 recentem
1159 1166 1275 1213 patriae
1291 1164 1485 1201 libertatem
1508 1165 1613 1200 etiam
1638 1164 1792 1200 filiorum

63 1213 254 1249 cervicibus
266 1211 470 1248 sustentavit.
519 1212 716 1248 Alexander
730 1211 873 1260 auspicia
883 1212 1154 1261 PersiciImperii
1173 1209 1580 1262 dedicavitBeffijuguIO.
1644 1213 1791 1249 Timore

63 1272 226 1311 urgeatur
243 1260 361 1309 legum
377 1271 475 1295 amor
499 1281 509 1300 ‚
525 1272 633 1308 quum
656 1260 782 1295 affeetu
801 1261 881 1310 cogi
906 1273 980 1296 non
995 1262 1118 1308 potest.
1168 1261 1306 1297 Timori
1323 1261 1419 1299 velut
1435 1263 1513 1297 Deo
1537 1272 1629 1296 aram
1644 1274 1684 1298 ac
1700 1273 1787 1297 tern-

58 1310 154 1358 plum
171 1311 189 1345 a
205 1308 405 1345 Laconibus
422 1309 575 1344 ercitum
592 1308 796 1344 Plutarchus
815 1311 974 1350 testatur,
993 1311 1065 1345 hoc
1089 1310 1184 1346 enim
1201 1310 1314 1360 Leges
1327 1322 1367 1346 ac
1382 1309 1568 1357 Rempubl.
1594 1310 1786 1347 conservari
1804 1325 1935 1359 Valerius

58 1359 256 1396 credebant.
306 1360 358 1392 Res
369 1359 452 1390 italas
463 1362 674 1396 armt'stusert's,
685 1356 815 1391 moribus
828 1371 925 1398 ornes,
941 1361 981 1393 Le
998 1357 1211 1394 ibusemendes.
1264 1360 1337 1408 Qi
1355 1358 1385 1394 se
1398 1358 1531 1408 legibus
1546 1359 1667 1394 eximit
1679 1381 1689 1399 ·,
1706 1371 1766 1407 poe
1802 1369 1962 1407 flaccusad

60 1419 104 1442 na
118 1407 327 1441 redimatur:
345 1415 403 1440 aut
418 1405 485 1454 legi
499 1415 558 1441 aut
565 1403 677 1452 judici
692 1407 923 1453 obtemperet.
974 1370 1131 1442 Perdunt
1147 1408 1261 1456 Reges
1277 1409 1312 1443 ὅ(
1328 1407 1440 1456 Leges
1454 1407 1718 1442 Authoritatem
1731 1431 1740 1447 ,
1764 1408 1784 1443 fi
1803 1419 1937 1467 Amustffi

60 1451 278 1504 transgreffio
289 1454 666 1489 habetimmunitatern.
716 1453 834 1490 Tanto
850 1454 983 1490 cautius
993 1454 1324 1503 servantur,quanto
1336 1458 1435 1491 citius
1448 1456 1481 1490 in
1491 1456 1621 1504 primos
1637 1456 1780 1491 violato·
1803 1444 1871 1514 (j

59 1515 114 1538 res
128 1503 327 1538 advertitur.
378 1500 686 1550 Nequeinfirmam
695 1512 811 1550 patere
820 1513 929 1550 remp.
939 1514 1015 1550 quae
1029 1503 1138 1539 solum
1156 1504 1189 1538 in
1207 1505 1336 1540 debiles
1348 1499 1426 1539 sciat
1435 1506 1649 1551 romphaeam
1665 1506 1784 1541 traua-
1856 1500 1863 1507 ’

61 1564 115 1592 re,
131 1562 292 1599 potentes
305 1550 380 1587 finit
395 1550 610 1598 prolibidine
621 1548 698 1597 jura
711 1551 849 1589 violare.
901 1552 987 1587 Non
998 1551 1081 1587 iolas
1091 1563 1194 1589 vexet
1207 1554 1347 1588 censura
1355 1553 1546 1590 columbas,
1600 1554 1727 1589 Dicere
1737 1555 1788 1589 so-

65 1601 157 1635 lebat
164 1600 409 1635 Anaxarchus:
425 1601 663 1634 utAranearum
678 1600 746 1633 telas
760 1603 846 1633 corvi
854 1611 1064 1647 perrumpunt,
1080 1603 1179 1645 muscae
1193 1603 1398 1649 t‘mpbmntur:
1414 1606 1456 1634 im
1469 1603 1536 1649 leges
1553 1600 1730 1648 plebeculam
1740 1615 1791 1638 ve·
1807 1599 1953 1631 Ana-Mr-

62 1659 156 1689 xant,
174 1662 209 1682 ac
223 1648 241 1681 ἐι
246 1645 405 1695 potentibus
417 1645 701 1694 vt'olcrmurimptmb.
751 1648 861 1682 Etiam
869 1659 994 1697 magna
1004 1649 1114 1696 capita
1128 1651 1246 1698 legum
1256 1650 1402 1686 vinculis
1418 1649 1633 1699 stringantur.
1807 1644 1961 1691 apudPln·

161 1695 229 1732 Vel
246 1696 379 1743 optime
398 1694 459 1731 illae
473 1694 670 1736 florebunt,
685 1705 744 1731 aut
759 1696 946 1743 aliquando
967 1697 1177 1733 labefactatae
1193 1697 1486 1738 restaurabuntur,
1503 1700 1523 1735 li
1541 1698 1609 1747 ipse
1624 1698 1697 1734 Rex
1713 1699 1791 1735 viva
1807 1692 1902 1726 mrrl).

65 1745 102 1781 fit
116 1745 181 1784 lex.
233 1744 273 1780 Id
288 1745 385 1792 quod
400 1744 551 1791 optimus
561 1742 929 1791 aeque,acjustiffimus
945 1743 1056 1780 Caelar
1073 1746 1123 1781 M.
1134 1747 1297 1782 Aurelius
1307 1747 1519 1783 Claudiusin
1533 1748 1719 1795 proverbio
1731 1750 1789 1783 ha-
1810 1740 1932 1776 'TrebelL

64 1794 150 1832 buit.
201 1793 310 1829 Sentit
327 1793 491 1833 nimirum
509 1815 519 1832 ,
542 1795 637 1839 quod
654 1792 764 1827 Solon
774 1791 1004 1840 Philosophus
1017 1795 1101 1830 dixit
1115 1809 1124 1829 :
1145 1799 1179 1828 Si
1190 1800 1327 1843 Princeps
1335 1796 1502 1840 secundum
1514 1798 1581 1843 leges
1594 1802 1679 1830 vivat
1691 1819 1701 1835 .,
1720 1803 1786 1830 mu·-
1803 1791 1902 1828 Pallio.

64 1845 181 1888 verfhm
194 1854 284 1889 remp,
299 1846 402 1888 optime
415 1852 485 1875 mac
499 1849 560 1889 rege·
571 1865 579 1880 ,
595 1841 850 1889 adeoquefingulos
867 1846 943 1876 cz'ves
955 1845 986 1875 in
1000 1841 1087 1888 efficti]
1103 1849 1255 1879 contt'nert'.
1307 1845 1440 1880 Civitas
1462 1845 1531 1879 fine
1544 1845 1576 1880 le
1589 1856 1620 1880 ’e
1634 1867 1644 1884 ,
1661 1845 1698 1881 ὅ(
1713 1857 1788 1894 reg·
1860 1883 1867 1888 ,

67 1904 153 1927 num
167 1890 235 1926 fine
251 1892 368 1939 Rege,
384 1891 467 1937 quid
494 1890 540 1924 est
555 1889 613 1924 nifi
631 1900 756 1937 corpus
778 1890 846 1925 line
863 1891 1003 1926 anima?
1023 1901 1057 1926 at
1069 1892 1183 1926 anima
1202 1893 1299 1942 regni
1316 1904 1438 1929 nonne
1457 1893 1531 1928 Rex
1548 1894 1581 1928 el
1609 1894 1621 1928 ?
1637 1897 1677 1926 Et
1688 1899 1793 1927 anima
1808 1876 1967 1928 Epffhffs

67 1944 298 1988 Reszmquam
315 1944 437 1985 corpori's
453 1942 613 1988 cujuspiam
629 1938 673 1972 eff
685 1942 743 1973 lex.
793 1937 1009 1974 Affentiente
1020 1940 1145 1987 pariter
1155 1941 1312 1976 Demost.
1363 1944 1447 1989 Leges
1463 1947 1589 1974 civitatis
1605 1946 1741 1975 animam
1752 1946 1791 1988 eſs
1808 1940 1874 1959 mm
1888 1930 1966 1973 apud

60 1990 102 2034 se.
159 1987 425 2036 Qemadmodum
446 1992 583 2020 exanime
597 1984 696 2033 corp'us
709 1991 837 2027 corruit,
840 1988 886 2032 fic
900 1992 1004 2021 civitas
1012 1990 1076 2033 fine
1088 1991 1142 2037 lege
1162 2004 1219 2022 non
1239 1992 1315 2035 corfi
1334 1996 1366 2026 ic.
1433 1991 1576 2025 Animet
1592 1991 1666 2025 Rex
1681 1991 1792 2040 Regni
1809 1978 1886 2012 Plus·

68 2037 183 2074 anima
197 2036 372 2073 civitatem
381 2034 465 2085 legis
474 2034 688 2071 observantia
696 2057 706 2076 ,
722 2035 790 2083 ipse
807 2035 844 2071 sit
859 2036 984 2084 [pirans
993 2036 1048 2072 lex
1056 2059 1066 2078 ,
1074 2037 1148 2085 ejus
1157 2039 1358 2086 exemplum
1374 2038 1525 2086 sequitur
1535 2037 1642 2074 Grex.
1811 2026 1966 2070 C'⁶⁸''⁰P⁷'⁶

518 2232 521 2234 ‚
596 2144 747 2231 QU
767 2143 909 2210 AEs
929 2144 1115 2211 Tlo
1169 2146 1272 2211 vl.
1813 2075 1925 2110 ω

384 2273 468 2325 De
490 2273 706 2325 Natura
745 2269 813 2332 ξς
834 2268 1240 2344 ‘Proprietatibus
1264 2268 1484 2346 lapidum

803 2359 859 2406 in
877 2356 1053 2428 specie,

14 2459 21 2499 ᾗ
76 2435 236 2575 DE
252 2444 449 2481 notioribus
466 2444 502 2481 <Sc
519 2441 733 2494 potiffimum
743 2443 939 2501 vulgaribus
948 2457 1021 2480 non
1032 2445 1185 2494 pretiosis
1199 2445 1367 2495 lapidibus
1382 2446 1448 2487 hac
1462 2446 1497 2483 in
1509 2445 1698 2495 quoestione
1706 2443 1802 2481 diffe.

217 2495 316 2530 rendi
327 2495 426 2530 locus
442 2495 524 2534 erit,
540 2493 685 2542 duplicis
701 2506 794 2530 emm
810 2496 945 2544 generis
960 2493 1090 2542 lapides
1108 2496 1183 2531 sunt
1196 2518 1207 2536 ,
1222 2507 1352 2544 nempe
1363 2496 1419 2532 vel
1434 2496 1591 2544 vulgares
1606 2495 1659 2531 vel
1675 2495 1803 2542 pretio-

216 2543 236 2578 sn
245 2554 307 2591 pro
317 2542 444 2578 diversa
457 2543 622 2590 liquidem
631 2553 727 2578 terrae
735 2544 933 2579 acmateriae
942 2543 995 2578 vel
1006 2544 1201 2591 impuritate
1215 2544 1269 2580 vel
1285 2545 1434 2592 puritate
1445 2567 1455 2585 ‚
1472 2543 1654 2579 subtilitate
1667 2565 1678 2584 ,
1692 2541 1804 2579 craili—

18 2605 25 2645 ζ
78 2595 145 2633 tie,
161 2592 349 2629 viscolitate
361 2614 371 2631 ,
387 2592 516 2640 lapides
532 2603 675 2639 quoque
690 2601 901 2641 generantur
914 2592 1071 2639 puriores
1087 2614 1097 2633 ,
1110 2592 1165 2628 vel
1184 2594 1390 2641 impuriores
1403 2615 1413 2633 ,
1429 2593 1616 2628 nobiliores
1631 2593 1686 2628 vel
1701 2593 1801 2639 igno-

80 2642 232 2678 biliores=
282 2641 331 2675 lta
339 2651 422 2676 vero
433 2641 477 2675 de
486 2641 538 2676 bis
553 2641 741 2689 procedam
750 2662 761 2681 ,
771 2650 809 2676 ut
819 2640 954 2689 lingulis
966 2641 1245 2677 conclusionibus
1257 2642 1384 2691 lingula
1397 2641 1551 2690 lapidum
1561 2652 1688 2689 genera
1698 2652 1798 2676 coin·

20 2679 22 2739 ἶ
77 2691 304 2740 prehendam.
356 2690 475 2736 Qare
492 2688 528 2724 sit

178 2736 369 2774 Conclusio
386 2737 505 2785 prima.
560 2740 707 2771 Marmor
720 2735 767 2772 est
782 2735 865 2785 lapis
875 2735 1019 2777 solidus,
1037 2737 1165 2773 nitidus
1179 2738 1214 2773 ὅ(
1232 2737 1400 2777 eximius,
1416 2737 1560 2773 maculis
1575 2736 1612 2774 ὅ(
1626 2737 1803 2773 coloribus

20 2777 23 2820 l
80 2787 181 2822 variis
197 2787 475 2824 commendatus.
525 2784 631 2820 Unde
648 2783 722 2832 ejus
736 2786 943 2834 compositio
969 2786 1023 2820 seu
1038 2787 1246 2821 commixtio
1269 2785 1316 2820 est
1331 2788 1525 2821 accuratior
1537 2808 1548 2827 ,
1563 2787 1597 2821 id
1613 2786 1676 2825 est,
1695 2785 1805 2820 misci-

82 2835 202 2871 biliurn
216 2833 388 2883 particulae
408 2834 483 2869 lunt
499 2835 690 2869 accuratius
708 2834 836 2874 divisae,
855 2834 1085 2882 percolatae&
1103 2835 1295 2883 implicatae.
1346 2834 1691 2882 Laevorilliproprius
1701 2845 1804 2868 accu-

84 2884 246 2918 ratiorem
261 2882 407 2930 partium
421 2881 561 2929 plexum
577 2882 612 2918 ὅ(
628 2883 798 2917 unionem
814 2893 928 2922 notat,
943 2883 1000 2918 ubi
1019 2884 1113 2918 enim
1123 2881 1271 2929 majores
1286 2893 1454 2930 pororum
1463 2886 1645 2922 cavitates,
1655 2882 1735 2917 utin
1750 2891 1805 2916 to·

81 2932 335 2983 pho,pumice,
347 2930 537 2966 &aliorum
552 2931 690 2965 rudium
705 2930 855 2978 lapidum
864 2931 1066 2979 generibus,
1080 2932 1161 2966 inde
1174 2942 1363 2978 corporum
1378 2931 1536 2979 asperitas
1552 2930 1701 2968 resultat.
1729 2930 1802 2964 Dis-

30 2999 32 3023 5
79 2973 236 3032 'ficillime
254 2977 463 3026 sculpitur&
478 2979 799 3026 expoliturpropter
808 2979 1010 3014 soliditatem
1027 2980 1303 3028 &frigiditatem
1351 2981 1407 3015 Ad
1418 2979 1543 3027 specics
1559 2979 1802 3034 unguentarias

87 3028 121 3064 δε
133 3028 335 3064 aromaticas
353 3026 593 3062 custodiendas
609 3024 834 3065 utilissimum,
885 3027 953 3062 Pro
971 3027 1131 3063 colorum
1143 3027 1526 3063 autem&macularum
1536 3038 1701 3063 varietate
1712 3027 1801 3061 mul-

86 3087 126 3111 tae
144 3076 324 3112 marmoris
340 3077 520 3110 traduntur
537 3075 678 3122 species,
695 3075 750 3110 led
758 3076 935 3123 praecipua:
952 3075 1027 3111 sunt
1046 3089 1054 3111 ε
1070 3074 1273 3120 Alabastrites,
1291 3075 1424 3123 Ophites,
1444 3078 1481 3113 a*
1493 3077 1677 3124 Porphyrites.
1724 3074 1801 3110 Ala-

82 3124 237 3177 bastrites
250 3124 297 3160 est
311 3134 463 3160 marmor
477 3124 711 3171 perspicuum,
728 3124 914 3159 candidum
931 3146 940 3163 ,
956 3125 1055 3171 equo
1075 3124 1217 3172 pyxides
1230 3135 1295 3172 pro
1314 3125 1470 3160 odoratis
1491 3125 1680 3207 unguent&
1698 3122 1797 3205 qamt.

1683 3183 1704 3219 p
1716 3181 1795 3206 ntes
