2054 3496
637 207 996 283 Philosophico-
1004 210 1209 266 Politica,
1692 227 1794 283 257

579 324 1098 413 QUAESTIO
1140 327 1244 395 lv.

471 433 559 484 ‘De
580 434 772 502 succino
806 436 873 496 &⁷
904 439 1097 487 virtute
1133 438 1172 489 Ε
1177 430 1390 486 lecfi‘rica.

199 517 501 569 Onclusio‘prima.
550 522 759 562 Succisum,
771 529 810 557 ut
827 522 897 558 dixi
914 520 948 557 in
959 523 1313 571 Qa’stionepraeced.
1330 525 1377 560 est
1390 521 1569 560 bituminis
1585 521 1731 573 species,
1751 520 1793 560 &-

203 570 340 619 pinguis
354 580 451 605 terrae
468 566 588 604 succus
606 593 616 610 ,
630 570 689 617 qui
707 570 742 605 in
761 581 821 605 ora
831 572 931 606 maris
941 572 1129 607 Balthiciin
1138 568 1265 607 Pruffia
1279 573 1429 608 reticulis
1438 581 1602 622 tanquam
1612 573 1719 621 pisces
1735 585 1789 612 ca-

206 618 308 667 pitur.
349 617 444 653 Cum
459 618 552 652 enim
564 619 733 653 Favonius
748 629 806 654 aut
817 619 932 666 Corus
940 621 1185 656 vehementius
1201 632 1295 656 mare
1309 632 1532 661 commovet,
1541 633 1664 657 omnes
1679 625 1721 656 ad
1736 620 1789 661 iis.-

66 679 121 704 tus
131 666 338 706 convolant,
354 663 495 703 reticula
511 666 583 700 lino
594 667 724 702 intexta
739 667 774 701 in
785 665 942 702 manibus
961 678 1120 715 gerentes
1130 682 1141 714 3
1158 668 1285 704 Ventis
1304 669 1432 705 deinde
1442 670 1561 705 sedatis
1572 670 1606 706 ὅ(
1617 669 1788 707 fluetibus,

66 728 109 751 ex
122 717 236 752 fundo
247 715 424 750 succinum
433 715 608 749 hauriunt.
652 715 701 749 lta
715 715 864 763 Agricol.
877 716 974 752 inlib.
993 719 1036 751 de
1046 714 1143 752 foffil.
1196 718 1245 751 Ex
1254 729 1324 764 quo
1336 728 1447 764 patet,
1464 718 1638 753 succinum
1655 730 1726 752 non
1738 721 1789 752 ar-

65 766 193 800 borum
213 764 352 799 succum
366 761 431 798 effe
445 785 455 802 ,
471 763 656 810 utquidam
665 763 856 798 existimant
866 786 876 803 ,
891 763 1010 800 nullibi
1027 766 1119 799 enirn
1130 764 1336 801 stantamari
1346 765 1505 801 stillantes
1515 767 1627 801 refinis
1639 768 1789 816 arbores,

65 824 142 860 quae
156 811 320 849 decidant
333 811 368 846 in
377 821 489 850 mare,
507 821 545 846 ut
554 822 595 846 ex
604 811 642 846 iis
661 810 718 846 fiat
731 811 906 856 succinum
921 825 932 857 3
948 822 1013 848 nec
1024 824 1066 848 ex
1076 812 1202 848 semine
1209 813 1349 848 Balaenae
1358 824 1559 863 generatur,
1577 816 1630 849 sed
1640 825 1789 854 concre-

64 862 124 896 scit
140 871 182 896 ex
202 859 340 896 diversis
353 870 449 894 terrae
463 858 654 906 liquoribus
671 871 752 894 cum
766 871 862 906 aquae
875 861 1013 895 marinae
1027 883 1036 900 ,
1056 862 1272 897 bituminosae
1291 862 1326 898 ὅ(
1340 863 1528 910 sulphureae
1544 862 1789 911 permitittionei

63 909 198 944 Colore
212 908 381 956 reperitur
389 907 443 944 vel
454 905 563 947 flavo,
580 907 633 942 vel
649 906 875 953 pellucidiore
887 931 898 948 ,
914 909 967 943 vel
978 908 1350 955 candid0&obscuro;
1371 912 1560 946 candidum
1576 923 1694 946 autem
1713 921 1790 959 pre-

62 954 278 992 tiofiss‘imum
295 955 353 991 est.
405 955 444 990 In
457 955 575 990 littore
589 960 632 990 ad
648 955 818 991 Pucecam
836 957 1014 992 cinereum
1030 957 1078 992 est
1092 959 1270 1005 quondam
1288 958 1445 994 effossum
1463 983 1473 1000 ,
1494 961 1591 1007 quod
1605 960 1788 1008 postquam

0 1004 8 1046 f
60 1005 126 1041 fuit
142 1006 297 1041 attritum
313 1004 424 1044 ferro,
440 1003 523 1039 folia
538 1015 613 1052 quae
626 1002 889 1049 humijacebant
899 1028 909 1044 ,
923 1004 1074 1041 duorum
1085 1007 1216 1054 pedum
1232 1006 1337 1054 spatio
1354 1006 1635 1055 abiisremotum
1646 1029 1656 1048 ,
1668 1011 1703 1043 in
1714 1008 1788 1047 sub-

0 1068 8 1085 κ
60 1053 134 1089 limi
148 1053 273 1089 sublata
288 1054 330 1088 ad
351 1053 382 1087 se
392 1052 500 1087 traxit.
554 1052 720 1087 Medetur
728 1051 911 1101 Podagrae,
921 1054 1002 1101 quia
1016 1053 1125 1089 subtili
1136 1052 1244 1090 fluvio
1264 1067 1379 1091 acrem
1390 1054 1487 1091 illurn
1501 1055 1689 1092 humorem
1698 1060 1788 1091 teni·

60 1111 174 1150 perat,
191 1102 249 1150 qui
266 1101 405 1136 dolores
421 1102 582 1149 podagra:
598 1100 771 1136 conciliat.
824 1101 964 1137 Elicitur
980 1114 1022 1138 ex
1032 1101 1172 1138 succino
1187 1101 1306 1139 oleum
1324 1103 1440 1153 magni
1457 1105 1491 1140 in
1506 1106 1680 1141 medicina
1697 1106 1786 1144 usus,

58 1150 211 1186 Ballamo
222 1150 316 1185 enim
334 1148 551 1184 substituitur.
591 1148 688 1184 Peste
704 1158 884 1196 correptos
894 1149 1022 1198 septem
1036 1161 1230 1199 guttaecum
1240 1164 1328 1199 aqua
1337 1152 1469 1188 Cardui
1482 1155 1606 1191 bened.
1618 1154 1653 1189 δε
1664 1152 1726 1188 lale
1735 1165 1786 1188 ar-

57 1198 195 1234 temifiae
203 1197 406 1237 restituunt,
424 1196 571 1232 &solius
582 1196 712 1237 suffitu,
729 1198 923 1246 utDoring.
940 1200 984 1234 de
999 1200 1082 1246 opio
1098 1200 1210 1235 scribit
1221 1223 1232 1240 ,
1246 1201 1348 1236 senex
1364 1202 1504 1248 quidam
1523 1203 1559 1237 in
1574 1213 1652 1237 arce
1664 1203 1784 1238 Aiten-

59 1245 353 1295 burgeniiConsul
361 1244 596 1293 apoplefficus
605 1257 646 1281 ex
655 1246 775 1281 mortis
784 1245 1038 1294 praelentiffimo
1049 1247 1244 1287 discrimine
1253 1249 1453 1297 postlimino
1464 1250 1555 1297 quali
1564 1251 1606 1284 ad
1617 1251 1720 1284 vitam
1729 1261 1783 1295 re-

57 1305 202 1331 vocatus
214 1294 271 1332 est.
321 1293 460 1341 Effigies
469 1306 510 1329 ex
521 1305 564 1328 eo
574 1294 768 1329 formantur
775 1293 1027 1342 pretiolissimae.
1046 1296 1194 1332 Romani
1209 1298 1245 1332 in
1254 1298 1355 1333 tantis
1375 1298 1506 1333 deliciis
1522 1300 1580 1333 has
1592 1299 1679 1333 habe
1687 1300 1783 1348 bant,

0 1355 3 1380 ῑ
58 1353 96 1378 ut
104 1344 257 1378 hominis
267 1344 422 1390 quamvis
431 1354 532 1390 parva
540 1341 672 1391 effigies
688 1342 848 1379 vivorum
863 1344 1050 1379 hominum
1066 1345 1174 1393 pretia
1189 1344 1377 1393 superaret,
1396 1356 1434 1382 ut
1449 1344 1590 1382 testatur
1600 1346 1685 1385 Plin.
1696 1342 1772 1382 Hist

54 1392 180 1430 Natur.
191 1392 247 1426 sed
265 1393 308 1426 de
318 1391 370 1425 his
387 1391 472 1426 latis.

157 1453 312 1501 Quaestio
325 1465 421 1489 nunc
433 1453 469 1489 ὅ(
489 1452 671 1490 difficultas
687 1451 902 1501 potiffimum
916 1453 965 1489 est
980 1453 1149 1503 explicare
1161 1455 1326 1491 virtutem
1344 1453 1555 1498 electricam,
1573 1461 1669 1506 quod
1686 1472 1782 1497 ante>-

57 1513 162 1550 quam
172 1502 313 1541 taciam,
328 1512 430 1540 nota,
450 1514 521 1537 non
539 1502 648 1538 solum
658 1502 834 1538 succinum
845 1502 911 1537 five
928 1503 1093 1539 electrum
1103 1503 1212 1551 pollet
1227 1505 1353 1541 virtute
1363 1514 1551 1553 corporum
1562 1509 1707 1544 aliorum
1716 1520 1781 1547 tra-

52 1551 161 1590 nitiva,
178 1548 477 1585 sed&alial'ossili;i
492 1565 500 1584 z
516 1551 596 1597 quia
615 1560 732 1585 tamen
743 1552 815 1586 haec
831 1551 939 1585 virtus
954 1552 988 1586 in
999 1564 1038 1587 ea
1052 1553 1224 1600 praecipue
1237 1554 1420 1601 reperitur,
1436 1555 1516 1588 ideo
1525 1556 1635 1591 virtus
1649 1557 1781 1594 electri—

52 1611 111 1639 ca,
131 1598 167 1634 &
185 1598 420 1646 corporaipla,
435 1600 560 1646 quibus
575 1601 762 1647 competit,
778 1598 1175 1647 electricaappellantur,
1194 1601 1276 1636 ficut
1289 1612 1403 1637 autem
1422 1614 1495 1638 non
1515 1614 1624 1639 unum
1641 1606 1687 1640 est
1704 1619 1779 1643 cor-2

51 1658 116 1694 pus
138 1646 295 1682 electrica
314 1647 440 1682 virtute
456 1647 656 1694 praeditum,
671 1648 714 1682 ita
724 1659 796 1683 non
807 1659 917 1682 unum
934 1648 981 1683 est
991 1660 1117 1696 corpus
1128 1650 1224 1696 quod
1232 1651 1272 1684 ab
1283 1648 1320 1684 iis
1329 1652 1484 1690 trahitur,
1492 1653 1676 1689 trabuntur
1685 1657 1780 1691 enirn

53 1704 130 1731 turn
138 1697 179 1730 ab
189 1694 316 1729 electro
326 1717 337 1734 ,
354 1703 431 1730 tum
439 1697 479 1730 ab
489 1695 560 1730 aliis
575 1697 778 1743 corporibus
788 1696 1017 1737 bituminolis,
1032 1708 1106 1732 tum
1118 1699 1219 1732 etiam
1228 1699 1246 1732 a
1261 1697 1433 1745 plerisque
1441 1702 1590 1747 gemmis
1599 1704 1713 1737 omnis
1733 1705 1780 1739 fe-

53 1744 92 1780 re
106 1743 244 1793 generis
261 1754 427 1787 corpora,
446 1744 610 1779 modoita
624 1745 831 1793 {intexigua,
848 1754 886 1779 ut
901 1745 1001 1780 facile
1013 1744 1143 1793 possint
1153 1747 1339 1786 dimoveri,
1357 1747 1392 1783 ἃ
1409 1757 1571 1794 praeterea
1586 1751 1641 1784 nili
1654 1752 1716 1786 tint
1731 1754 1781 1787 ni-

51 1793 118 1827 mis
134 1791 242 1828 calida
261 1790 538 1833 acinflammata,
553 1793 714 1840 adeoque
732 1804 805 1827 non
817 1792 921 1839 paleae
940 1793 1048 1830 solum
1065 1792 1101 1830 ὃ(
1117 1794 1253 1830 festucae
1267 1818 1277 1835 ,
1295 1795 1352 1831 sed
1369 1797 1473 1832 etiarn
1487 1799 1620 1838 charta³
1636 1799 1781 1849 lignum,

50 1840 250 1880 metallum,
265 1839 472 1887 &praeterea
480 1851 604 1876 omnes
619 1842 805 1878 humores:
823 1841 916 1877 Hinc
932 1842 969 1877 fit

150 1900 341 1936 Conclusio
356 1900 515 1937 secunda.
570 1902 634 1938 Vis
656 1902 813 1939 ele&rica
826 1915 900 1938 non
919 1902 1068 1938 confistit
1085 1903 1120 1938 in
1139 1903 1272 1951 speciali
1301 1914 1490 1952 corporum
1510 1905 1721 1942 trahentium
1742 1906 1778 1942 c&

49 1948 240 1985 tractorum
248 1949 458 1997 Sympathia.
511 1950 612 1985 Ratio
621 1951 686 1991 est,
703 1951 825 1999 quiai'n
834 1953 1038 1999 corporibus
1048 1952 1162 1989 tradis
1178 1965 1251 1987 non
1270 1952 1563 2000 spectatur-natura
1575 1978 1584 1993 ,
1602 1961 1657 1989 led
1677 1969 1684 1990 ι
1699 1956 1777 1990 ridi:

49 2008 101 2033 tas
118 1996 293 2035 &levitas.
342 1998 509 2038 Accedit,
525 2000 622 2046 quod
639 2000 730 2035 nulla
748 1998 893 2035 affinitas
913 2000 1071 2047 explicari
1086 2000 1187 2048 pollit
1208 2002 1293 2036 intra
1308 2013 1454 2049 corpora
1476 2013 1545 2037 tam
1565 2004 1778 2039 diverloiam

49 2057 219 2095 generum
239 2057 278 2081 ac
291 2056 508 2087 naturarum,
523 2047 606 2082 ficut
620 2060 722 2096 ergo,
741 2048 820 2096 quia
833 2048 884 2084 vis
901 2048 1039 2084 traffiva
1048 2051 1293 2084 machinarum
1310 2051 1353 2085 ad
1367 2052 1483 2085 omnia
1498 2054 1652 2098 pondera
1669 2054 1699 2087 le
1712 2064 1769 2087 ex-

49 2095 181 2134 tendit,
196 2104 304 2129 nemo
325 2095 408 2129 dicit
416 2107 493 2130 eam
509 2095 542 2130 in
551 2096 822 2144 Sympathiaesse
837 2098 1093 2146 reponendam,
1110 2098 1155 2133 ita
1171 2099 1294 2145 pariter
1302 2099 1351 2133 vis
1361 2098 1766 2148 electricainb‘ympathia

48 2143 252 2190 reponenda
266 2154 340 2178 non
357 2142 414 2178 est.
465 2144 643 2180 Secundo.
670 2156 736 2181 nec
750 2146 877 2181 modus
887 2145 1086 2181 illelublistit
1099 2169 1109 2184 ,
1125 2158 1229 2193 quem
1238 2147 1291 2181 alii
1301 2146 1469 2182 statuunt:
1485 2149 1691 2184 reducentes
1700 2160 1763 2184 rm,

50 2191 207 2228 &tionem
217 2191 308 2226 hane
321 2192 365 2226 ad
381 2192 623 2228 vaeuimetum
640 2206 650 2238 3
667 2193 791 2229 volunt
805 2194 899 2229 enim
908 2195 948 2229 ab
964 2195 1104 2229 effluvio
1118 2194 1235 2230 electri
1248 2200 1361 2229 aerem
1377 2196 1499 2243 expelli
1515 2220 1524 2234 ,
1540 2197 1577 2232 <Sc
1591 2198 1767 2237 amoveri,

49 2240 86 2276 ὅ(
101 2248 199 2275 metu
212 2240 312 2274 vacui
327 2239 490 2275 festucam
504 2252 578 2290 v.g.
593 2243 730 2278 adduci.
780 2242 916 2277 Contra
929 2243 1023 2277 enim
1037 2242 1084 2278 est
1099 2265 1109 2282 ,
1131 2243 1211 2290 quia
1231 2245 1358 2278 modus
1374 2244 1431 2279 hic
1446 2246 1530 2291 pure
1543 2244 1680 2281 fictitius
1696 2246 1743 2281 est
1753 2268 1764 2286 ,

47 2299 167 2324 annon
181 2287 275 2323 enim
288 2293 345 2323 ae'r
359 2288 502 2323 lateralis
517 2289 622 2338 longe
638 2291 768 2326 facilius
788 2301 982 2326 accurreret
995 2292 1037 2325 ad
1046 2301 1194 2327 vacuum
1208 2294 1450 2339 occupandum
1467 2314 1477 2332 ,
1494 2295 1597 2339 quam
1613 2294 1762 2333 festuca?

48 2347 297 2384 praeterquam,
315 2337 410 2384 quod
421 2337 467 2373 nil
483 2337 662 2374 semoveat
675 2341 716 2374 ab
732 2338 915 2374 intrinseco
928 2348 1024 2375 metu
1033 2340 1135 2376 vacui
1148 2361 1158 2381 ,
1175 2341 1231 2376 led
1239 2350 1376 2376 tantum
1394 2344 1625 2378 moveaturab
1635 2344 1761 2378 extrin-

49 2385 128 2422 seco
141 2386 185 2420 ad
199 2396 348 2421 vacuum
364 2385 637 2433 impediendum.
691 2388 810 2436 Qare
823 2387 860 2422 sit

143 2445 331 2483 Conclufio
348 2446 457 2481 tertia.
494 2446 558 2482 Vis
573 2446 729 2482 ele&rica
744 2458 806 2494 per
814 2446 984 2483 halituum
1000 2444 1216 2484 emiffionem
1232 2448 1251 2483 e
1269 2459 1417 2497 corpore
1432 2446 1591 2485 cloch-ico
1611 2449 1701 2485 bene
1719 2460 1762 2486 ex

46 2497 202 2546 plicatur.
243 2495 345 2530 Ratio
361 2493 408 2529 est
422 2493 553 2541 primo,
575 2495 655 2542 quia
670 2494 835 2531 electrum
852 2507 926 2531 non
939 2497 1048 2531 exerit
1063 2498 1134 2532 vim
1150 2497 1326 2533 trafflvam
1340 2519 1350 2538 ,
1367 2498 1424 2532 nifi
1438 2498 1580 2533 modico
1597 2499 1711 2534 calore
1727 2500 1763 2536 <Sc

51 2543 186 2582 afflictu
203 2543 372 2578 excitetur
380 2565 390 2582 ,
404 2542 556 2579 afflffius
569 2554 653 2578 vero
666 2543 803 2579 videtur
810 2543 1013 2580 necessarius
1021 2568 1031 2585 ,
1040 2553 1079 2580 ut
1090 2545 1167 2593 pori
1175 2546 1193 2580 a
1203 2546 1345 2593 pulvere
1355 2556 1517 2581 extraneo
1528 2556 1704 2594 tergantur
1712 2553 1762 2582 at-

45 2592 169 2642 queita
178 2591 364 2638 apertiores
373 2591 453 2631 fint,
470 2591 564 2627 calor
572 2601 722 2631 vero,ut
734 2603 809 2640 pars
825 2594 980 2641 corporis
996 2603 1195 2629 attenuetur
1208 2595 1243 2629 in
1254 2594 1397 2629 halitum
1414 2595 1447 2629 ὃ(
1464 2595 1623 2642 exspiret,
1639 2607 1761 2643 quern-

44 2640 239 2678 admodum
259 2640 352 2674 enim
374 2641 510 2676 effluvia
526 2639 691 2679 odorosti,
711 2641 755 2675 ita
764 2641 927 2677 Eledrica
940 2642 1160 2689 percalorem
1170 2643 1348 2690 exspirant.
1382 2644 1563 2683 Secundo,
1585 2644 1663 2691 quia
1673 2646 1761 2686 dum

46 2690 225 2727 succinum
240 2698 465 2735 praeparatum
482 2687 675 2724 tenuislimo
690 2689 819 2737 pulveri
835 2692 1059 2730 admovetur,
1071 2691 1165 2726 illum
1175 2693 1245 2726 huc
1267 2691 1347 2725 illuc
1364 2692 1500 2739 spargit,
1515 2693 1610 2739 quod
1629 2692 1676 2727 est
1691 2693 1761 2728 evi-

45 2741 132 2776 dens
143 2736 274 2785 fignum
284 2737 495 2785 erumpentis
505 2736 652 2776 effluvii,
670 2747 834 2785 tanquam
849 2737 980 2773 ventuli
997 2739 1174 2786 pulverem
1191 2736 1400 2786 disjicientis.
1452 2740 1534 2778 Hoc
1552 2752 1635 2775 vero
1648 2740 1759 2788 pofito

44 2787 145 2824 facile
162 2784 380 2832 intelligitur,
398 2787 583 2832 quomodo
598 2787 638 2820 ab
655 2786 718 2822 hac
727 2786 793 2834 ipsa
809 2787 1032 2834 exspiratione
1040 2786 1235 2835 perficiatur
1243 2787 1377 2827 tractio,
1391 2787 1616 2823 halitusenim
1628 2790 1755 2825 hicum

48 2833 203 2883 uliginosi
220 2832 301 2872 lint,
315 2831 349 2868 &
363 2832 523 2868 viscosam
540 2833 761 2869 tenacitatem
777 2835 813 2869 in
829 2834 860 2869 [e
876 2836 1024 2871 habeant
1035 2858 1045 2874 ,
1060 2836 1264 2871 iestucarum
1281 2835 1481 2883 corpuscula
1500 2836 1555 2871 fibi
1570 2837 1755 2883 implicant,

48 2883 207 2921 Deinde,
227 2881 308 2916 cum
325 2881 494 2917 hihalitus
509 2882 565 2917 sua
582 2883 729 2918 habeant
742 2882 908 2923 filamina,
923 2884 1078 2930 qualiain
1092 2885 1191 2919 sumo
1205 2884 1322 2931 aperte
1334 2884 1581 2932 conspicimus,
1596 2886 1686 2932 poris
1698 2887 1755 2919 ad—

14 2948 15 2951 *
48 2930 232 2969 haerentia,
246 2928 380 2965 &cum
396 2931 526 2978 impetu
539 2940 741 2985 erumpant,
758 2930 816 2972 fit,
835 2942 873 2966 ut
887 2932 962 2979 post
975 2932 1122 2968 validam
1138 2932 1398 2972 tenfionem,ex
1413 2945 1521 2980 prima
1537 2932 1591 2968 illa
1606 2931 1753 2968 emistis>-

50 2992 94 3017 ne
104 2979 290 3015 derivatam
301 3000 311 3017 ,
321 2977 430 3013 statim
438 2980 580 3014 redeant
590 2989 691 3014 etiam
703 2991 783 3014 cum
794 2980 924 3027 impetu
934 2981 1039 3028 idque
1049 2983 1231 3020 eomodo,
1239 2992 1310 3028 quo
1319 2979 1440 3016 fidium
1453 2982 1592 3016 chordae
1609 2982 1755 3023 nimium

45 3027 148 3065 tensae
156 3049 167 3069 ,
181 3037 221 3062 ac
229 3025 359 3062 deinde
367 3025 424 3064 sibi
431 3026 554 3064 reliC’tae
569 3026 633 3066 sese
642 3026 734 3063 illico
743 3039 824 3064 cum
832 3028 965 3077 impetu
974 3030 1017 3065 ad
1029 3029 1180 3078 priorem
1189 3029 1387 3070 ‚mensuram
1401 3029 1587 3066 reducunt.

911 3124 943 3160 K
950 3124 976 3161 1<
1622 3124 1672 3162 Ex
1682 3136 1751 3173 quo
