2054 3496
617 198 1183 271 Philosophico-Politica.
1680 202 1756 253 161

362 281 370 293 ἓ
412 280 422 295 ἓ
462 281 472 295 8
512 280 523 294 Ι
1157 291 1162 295 ,
1208 282 1214 294 Ι

58 299 69 306 .
109 300 118 306 ,
160 298 168 304 .
190 296 197 304 x
210 291 1214 306 --------------------

41 305 754 461 {Qfflffifflffiffl
767 289 865 418 ,ἒξ
876 297 1735 383 fflffissffiffiss

63 471 222 485 ι...
264 463 427 485 ιιιι
469 458 1740 484 =-·.÷::³3233333235÷223332

379 558 1180 639 DISSERTATIO
1247 562 1448 647 VIIL

130 681 236 748 De
253 678 564 747 Meteoris
574 676 815 772 Aqueis
832 675 1111 814 cilnhtderra,
1143 681 1207 745 &
1225 678 1437 771 primo
1461 674 1528 745 in
1551 672 1681 771 spe-

745 781 814 815 Cle
868 782 892 814 C
974 780 1050 813 asl-

119 879 235 930 Qa
247 887 433 919 meteora
451 879 497 918 in
517 878 609 918 ae’re
626 879 763 932 genita
779 875 996 931 hucusque
1018 874 1072 916 sat
1094 873 1167 916 diu
1180 876 1220 917 &
1238 870 1322 916 fuse
1337 874 1429 916 sunt
1444 876 1625 932 expolita
1632 892 1646 922 ;
1659 885 1766 917 tem-

125 949 202 991 pus
211 946 367 986 monet,
379 945 424 976 ut
443 937 483 976 δε
501 934 554 976 ad
571 948 633 985 ea,
645 938 849 991 quaeintra
862 945 1015 976 terram
1027 943 1289 987 generantur,
1302 932 1596 975 descendamus
1613 966 1623 985 ‚
1638 929 1771 986 cujus-

44 992 161 1034 modi
176 1006 227 1034 ex
245 993 435 1034 sententia
451 993 677 1034 Aristotelis
692 993 747 1034 est
760 1004 851 1034 tum
866 1004 979 1033 mare
990 1023 1000 1041 ,
1015 1001 1107 1031 tum
1121 989 1300 1032 fiumina
1317 1022 1328 1042 ‚
1345 1001 1437 1032 tum
1459 989 1593 1033 fontes
1609 1023 1621 1042 ,
1636 991 1768 1040 lacus,

45 1050 260 1101 Thermae,
273 1051 466 1092 &fimilia
487 1064 690 1106 aquarum
700 1048 900 1106 prodigia.
957 1050 1061 1090 Etin
1071 1046 1146 1090 hac
1160 1047 1333 1104 quidem
1347 1047 1621 1091 dissertatione
1629 1046 1771 1090 dicen-

0 1133 4 1144 ·
46 1106 149 1150 dum
160 1103 292 1150 solum
309 1109 365 1150 est
377 1107 427 1150 de
443 1112 570 1159 mari,
587 1122 663 1165 pro
685 1122 770 1164 quo
786 1109 833 1149 fit
851 1111 980 1163 igitur

588 1213 735 1297 Qu
759 1211 842 1277 AE
864 1211 903 1276 S
922 1211 986 1275 T
1007 1211 1033 1275 1
1058 1209 1127 1276 o
1177 1210 1218 1274 1.

290 1336 377 1388 ‘De
400 1333 671 1409 quidditate
684 1337 938 1393 &Maria
959 1357 982 1386 e
975 1339 1155 1412 jusque
1173 1334 1411 1414 divisione
1435 1337 1504 1401 ξδ’

774 1421 1058 1476 nominibus.

193 1605 205 1622 :l
226 1636 230 1644 Ι
291 1607 357 1630 nec
371 1605 467 1630 terrae
484 1595 651 1635 ludor,ut
665 1595 1002 1644 voluitAnaxagoras
1021 1595 1055 1631 ὅ(
1072 1596 1320 1643 Empedocles,
1339 1609 1405 1632 nec
1425 1596 1471 1631 est
1488 1596 1611 1631 animal
1629 1597 1670 1631 ab
1689 1593 1778 1643 igni-

209 1638 261 1692 ,,,;’.’·“
291 1646 353 1679 bus
370 1643 511 1678 aestuans
525 1643 747 1679 subterraneis
761 1667 770 1684 ,
793 1644 828 1680 &
845 1656 973 1692 magno
990 1646 1114 1678 sudore
1128 1644 1307 1685 diffusum,
1323 1656 1361 1680 ut
1378 1644 1475 1680 finxit
1492 1644 1663 1692 Keplerus
1676 1665 1686 1683 ,
1708 1654 1774 1679 nec

115 1720 117 1723 -
132 1718 140 1732 ,ι
193 1722 238 1742 ..s
293 1691 403 1739 placet
416 1692 537 1739 opinio
552 1692 722 1739 Diogenis
737 1694 927 1728 arbitrantis
950 1704 1095 1727 omnem
1113 1692 1232 1727 locum
1247 1716 1257 1732 ,
1282 1694 1340 1740 qui
1361 1703 1488 1728 terram
1505 1693 1612 1728 ambit
1627 1715 1638 1732 ,
1650 1691 1779 1739 princi-

93 1716 248 1791 ff
293 1739 351 1788 pio
372 1740 555 1774 humidum
571 1740 666 1775 fuiffe
681 1763 692 1779 ,
712 1740 843 1787 &aqua
862 1740 1032 1788 repletum
1048 1763 1059 1780 ,
1081 1750 1155 1775 turn
1171 1741 1259 1776 Solis
1274 1743 1399 1776 ardore
1421 1740 1627 1776 exliccatum
1641 1762 1651 1780 ,
1672 1738 1777 1787 pluri-

52 1803 147 1828 mam
163 1788 237 1837 ejus
246 1798 378 1837 partem
395 1788 430 1822 in
445 1799 610 1835 vaporem
624 1788 757 1833 abiisse3
783 1801 858 1824 eam
873 1791 957 1824 vero
973 1811 984 1828 ,
1005 1800 1080 1836 quae
1094 1789 1253 1824 remansit
1264 1812 1274 1828 ,
1294 1801 1389 1825 mare
1403 1789 1612 1825 constituere
1626 1811 1636 1828 ,
1659 1788 1776 1835 itaque

52 1839 220 1876 marinam
235 1848 360 1884 aquam
379 1836 494 1883 primae
511 1837 724 1872 humiditatis
734 1837 891 1885 reliquias
914 1836 990 1872 effe.
1043 1837 1142 1872 Ratio
1159 1838 1391 1874 conclusionis
1408 1838 1455 1873 est
1469 1860 1480 1878 ,
1498 1838 1577 1885 quia
1600 1848 1642 1873 ex
1658 1835 1777 1872 termi-

54 1888 106 1924 nis
122 1886 195 1935 iplis
204 1895 298 1933 patet
312 1885 386 1919 haec
400 1883 565 1932 figmenta
581 1884 659 1922 effe.
1265 1909 1267 1912 ι

0 1970 5 1982 ·.
93 1954 96 1955 ν
151 1932 340 1969 Conclusio
352 1932 511 1967 secunda.
563 1933 661 1968 Mare
676 1933 723 1968 est
740 1933 952 1969 elementum
970 1932 1078 1981 ipsum
1093 1945 1189 1981 aquae
1203 1956 1213 1974 ,
1233 1935 1273 1969 ab
1291 1933 1391 1969 initio
1407 1934 1442 1969 in
1458 1946 1569 1969 unum
1583 1932 1777 1969 terraelatus

57 1984 258 2032 separatum.
309 1980 503 2028 Explicatur
521 1993 616 2017 mare
633 1982 747 2029 iniplo
762 1982 883 2017 mundi
895 1982 1060 2017 nascentis
1077 1982 1222 2017 exordio
1241 1982 1362 2017 fuissea
1373 1983 1451 2018 Deo
1469 1981 1679 2030 productum
1697 1994 1709 2026 3
1730 1981 1777 2016 ita

58 2042 175 2069 tamen
187 2042 224 2066 ut
233 2030 345 2078 primo
354 2040 464 2064 totam
474 2038 570 2064 terrae
579 2029 709 2065 molem
719 2031 874 2078 undique
888 2030 1112 2078 complexum
1130 2030 1249 2073 fuerit3
1271 2031 1509 2066 deindetertio
1519 2030 1703 2066 creationis
1725 2040 1778 2064 re-

54 2093 133 2118 rum
150 2080 205 2115 die
222 2079 340 2114 divino
351 2078 496 2124 imperio
507 2078 541 2112 in
553 2078 779 2118 eumlocum,
794 2090 899 2126 quem
916 2091 1010 2114 nunc
1020 2079 1142 2118 habet,
1152 2078 1327 2114 secesserit.
1378 2080 1427 2114 Ex
1435 2090 1506 2127 quo
1518 2089 1630 2127 patet,
1641 2076 1778 2113 causam

10 2124 13 2171 ¹3
55 2127 264 2166 materialem
273 2126 374 2160 maris
384 2125 449 2160 effe
456 2137 560 2173 aquas
569 2127 727 2161 conditas
741 2129 757 2161 ἀ
769 2128 845 2162 Deo
856 2128 897 2162 ab
908 2127 1005 2161 initio
1017 2127 1278 2173 mundi,quibus
1288 2128 1390 2162 etiam
1400 2128 1574 2162 accedunt
1589 2125 1778 2165 fluvii,ion-

11 2175 14 2222 ζ
55 2175 316 2214 tes&flumina,
327 2186 405 2208 nam
418 2175 536 2209 omnia
545 2173 688 2210 flumina
698 2176 853 2210 exeunte
870 2175 973 2219 mnri3
989 2175 1023 2210 ὃς
1040 2175 1118 2210 licet
1133 2175 1184 2209 alii
1201 2186 1320 2210 amnes
1336 2177 1377 2210 ab
1393 2175 1463 2210 aliis
1481 2175 1694 2223 excipiantur
1708 2196 1718 2213 ,
1734 2185 1776 2208 o-

57 2236 157 2262 mnes
167 2235 282 2259 tamen
293 2223 476 2257 tandemin
484 2221 754 2264 mareinfluunt,
771 2224 884 2271 quodi
912 2223 982 2257 lum
996 2222 1206 2257 Ecclefiastes
1218 2222 1450 2263 1.c,affirmat,
1460 2223 1598 2259 dicens:
1613 2222 1778 2269 omm‘afln-

58 2279 142 2308 mina
156 2278 187 2305 in
202 2284 284 2305 mare
294 2277 421 2305 intrant:
438 2272 474 2307 (φ
488 2284 572 2305 mare
585 2285 642 2304 non
659 2271 815 2306 redundat.
908 2283 948 2306 au
955 2271 983 2306 [a
999 2269 1153 2306 efficiens
1168 2293 1179 2310 ,
1203 2282 1278 2319 quae
1295 2271 1378 2306 illud
1392 2271 1427 2306 in
1441 2283 1552 2307 unum
1570 2271 1712 2319 collegit
1724 2270 1778 2305 lo-

11 2320 14 2328 *
58 2333 158 2361 cum,
173 2320 221 2355 est
236 2321 344 2355 Deus.
396 2318 465 2354 Hic
474 2319 585 2358 enim,
602 2328 640 2353 ut
648 2318 739 2354 Gen.
749 2332 772 2354 1.
789 2319 1013 2368 dicitur,juffit
1026 2332 1142 2353 omnem
1158 2332 1287 2365 aquam,
1299 2333 1357 2365 qua
1370 2318 1490 2364 eratfitb
1498 2320 1706 2368 firmamento,
1722 2320 1779 2352 col-

13 2405 16 2418 Δ
58 2372 110 2419 ltgi
122 2375 153 2403 in
161 2381 256 2402 unum
264 2370 380 2407 locum,
398 2367 592 2413 &appellavit
605 2380 671 2400 eam
684 2380 834 2413 aquarum
848 2373 1090 2415 congregationem
1104 2373 1214 2406 maria,
1279 2368 1405 2403 Forma
1427 2366 1501 2415 eJus
1525 2368 1618 2403 nulla
1641 2366 1688 2402 est
1703 2366 1785 2406 alia,

14 2421 17 2446 ³-
60 2418 164 2466 quarn
179 2417 253 2452 haec
262 2427 427 2463 aquarum
437 2415 679 2463 congregatio,
698 2415 966 2463 perpettfiaestus
982 2416 1203 2456 alteratione,
1219 2416 1255 2452 ὅ(
1266 2415 1435 2451 Ηυξὶυυῐη
1451 2416 1639 2464 agitatione
1655 2424 1783 2451 terram

15 2479 17 2503 l
60 2466 194 2514 pulsans
203 2476 268 2500 nec
284 2474 401 2499 tamen
411 2475 486 2497 earn
495 2465 664 2504 obruens,
680 2463 735 2499 sed
748 2464 838 2499 inter
846 2463 1031 2511 praefinitos
1042 2465 1212 2499 terminos
1228 2464 1260 2499 se
1277 2465 1476 2500 continens⁴

158 2515 329 2561 Oppones
345 2511 428 2546 illud
439 2511 530 2547 Gen.
541 2525 569 2546 2.
583 2524 657 2558 cap.
707 2515 781 2546 Non
793 2518 872 2546 enim
883 2514 996 2560 pluerat
1005 2516 1151 2546 Dominus
1156 2516 1244 2559 fiaper
1254 2523 1368 2547 terram
1380 2535 1390 2553 ,
1406 2514 1443 2549 ό*
1454 2512 1538 2547 homo
1550 2526 1608 2546 non
1626 2521 1690 2546 erat
1701 2534 1713 2551 ,
1727 2514 1789 2557 qut

60 2572 344 2610 operareturterram
360 2583 369 2599 ,
379 2560 512 2606 ftdfons
525 2558 713 2604 asc'endebatb
728 2571 826 2601 term,
842 2566 966 2609 irrigans
981 2562 1148 2606 unfflerfitm
1164 2562 1346 2608 fhperfict'em
1367 2571 1458 2596 terrae.
1522 2561 1573 2596 Ex
1593 2571 1665 2607 quo
1690 2559 1779 2595 infe-

17 2641 19 2655 ,
61 2622 135 2651 res,
152 2622 236 2659 ergo
247 2620 340 2644 mare
355 2620 397 2643 ex
413 2608 528 2656 aliquo
537 2608 755 2644 subterraneo
763 2619 860 2645 terrae
867 2610 967 2645 fonte
978 2610 1138 2657 erumpit.
1188 2610 1321 2646 Verum
1332 2609 1577 2657 respondetur,
1591 2609 1688 2644 hunc
1703 2617 1780 2643 tex-

16 2660 19 2675 ’·
61 2668 137 2696 tum
152 2658 193 2694 fic
208 2657 471 2705 intelligendum
487 2656 570 2696 effe,
580 2667 764 2704 antequam
777 2657 932 2695 coelestes
948 2658 1069 2705 pluviae
1078 2667 1204 2694 terram
1215 2656 1457 2693 humeecarent
1466 2680 1476 2696 ,
1486 2668 1603 2692 earum
1612 2657 1690 2692 vice
1698 2656 1779 2691 fon-

60 2707 245 2743 teseterrae
260 2706 330 2740 sinu
339 2705 473 2740 divertis
481 2704 642 2741 tratribus
650 2706 817 2754 venisque
830 2706 1027 2741 distributos
1042 2729 1052 2746 ,
1069 2718 1110 2742 ac
1127 2705 1190 2741 suis
1207 2705 1293 2741 locis
1311 2706 1502 2740 exsilientes
1519 2716 1665 2740 omnem
1679 2714 1779 2740 terrae

63 2754 295 2803 superficiem,
311 2763 415 2801 prout
429 2754 555 2801 cuique
569 2753 653 2802 parti
669 2754 902 2791 conveniebat
914 2777 924 2795 ,
940 2753 1098 2804 irrigasse.
1151 2755 1201 2789 Ita
1216 2754 1462 2802 Interpretatur
1482 2754 1578 2790 hunc
1602 2753 1723 2789 locum
1736 2753 1786 2791 D..

70 2802 215 2852 August.
226 2803 356 2846 Raban.
367 2801 401 2837 ὅ(
413 2801 559 2850 Hugon.
697 2841 700 2845 ,

20 2865 22 2895 1
163 2849 351 2887 Conclusio
369 2850 477 2885 tertia.
527 2850 591 2885 Etsi
615 2851 754 2898 proprie
774 2863 885 2887 unum
909 2859 1046 2887 tantum
1063 2851 1111 2887 est
1129 2862 1224 2887 mare
1237 2873 1247 2890 ,
1270 2849 1351 2885 ciam
1367 2851 1464 2886 Deus
1478 2873 1489 2890 ,
1510 2859 1550 2885 ut
1566 2849 1699 2886 dietum
1715 2846 1782 2888 est,

19 2908 22 2938 ἰ
65 2910 169 2948 aquas
184 2900 337 2934 inunum
352 2898 506 2947 coegerit
518 2899 658 2939 locum,
676 2899 809 2936 &hanc
817 2912 983 2948 aquarum
1000 2900 1245 2937 colleffionem
1255 2898 1473 2946 appellaverit
1481 2899 1587 2933 maria
1603 2911 1615 2942 3
1630 2906 1784 2932 attamen

21 2943 23 2980 Ξ
65 2948 149 2984 ficut
163 2958 253 2982 unus
269 2947 305 2983 ὅ(
320 2947 412 2981 idem
427 2947 559 2995 [anguis
574 2948 682 2983 totius
696 2949 901 2995 corporibus
916 2949 1008 2983 varie
1026 2959 1088 2995 per
1101 2958 1206 2984 venas
1221 2946 1256 2982 &
1273 2947 1411 2982 arterias
1428 2946 1597 2982 dedqus
1610 2944 1686 2980 alibi
1710 2943 1790 2980 alias

21 2992 24 3018 t
64 2996 203 3032 sortitur
211 2995 453 3043 apellationes,
462 2995 506 3031 ita
514 2996 617 3031 etiam
636 3007 731 3043 aquae
741 2997 841 3032 maris
857 2997 1056 3032 communis
1068 2996 1114 3031 est
1123 3006 1242 3031 natura
1250 3017 1261 3034 ,
1270 3006 1345 3042 quae
1356 2996 1437 3030 cum
1446 3006 1506 3042 per
1517 2994 1678 3029 occultos
1689 3002 1788 3028 terra:

22 3055 24 3089 ξ
66 3054 200 3082 meatus
215 3054 318 3092 atque
332 3042 467 3079 canales
482 3044 516 3079 in
524 3055 648 3079 omnes
665 3045 773 3080 totius
787 3055 884 3080 terrae
893 3054 1005 3092 partes
1022 3044 1190 3083 decurrit,
1204 3043 1386 3091 peculiaria
1400 3042 1576 3078 constituit
1597 3041 1711 3076 maria.
1727 3040 1789 3076 Di-

67 3093 195 3128 viditur
210 3092 433 3128 celeberrima
447 3092 611 3128 divifione
631 3093 667 3127 in
683 3093 887 3133 Oceanum,
900 3104 995 3128 mare
1010 3093 1307 3144 Mediterraneum
1327 3114 1339 3132 ,
1362 3092 1540 3130 Rubrum,
1560 3089 1732 3127 Perficum
1748 3087 1787 3125 ὅ(

49 1539 456 1632 &2300011250
470 1546 591 1594 prima.
642 1546 742 1582 Mare
758 1559 831 1582 non
848 1547 894 1583 est
907 1547 1082 1594 lachryma
1095 1547 1250 1588 Saturni,
1269 1556 1309 1583 ut
1323 1548 1522 1584 docuerunt
1534 1544 1775 1595 Pythagorici,

51 1568 186 1755 ὃ
241 1624 248 1633 “

68 3139 240 3190 Caspium,
280 3152 282 3154 ·

163 3188 330 3226 Oceanus
340 3187 465 3225 dicitur
473 3188 491 3224 a
500 3188 675 3226 celeritate
683 3198 813 3232 motus,
821 3200 877 3230 eo,
887 3189 984 3238 quod
992 3188 1204 3230 vehementi,
1212 3187 1354 3235 celeriq3
1361 3196 1462 3224 motu
1471 3187 1541 3223 huc
1549 3185 1673 3223 illucve
1682 3183 1789 3232 agite·

983 3237 1020 3278 X
1722 3241 1778 3267 tut
