2054 3496
267 177 376 242 246
962 174 1326 246 Meteorologia

283 253 308 286 E
322 248 501 289 converso,
510 248 530 284 fi
547 250 638 285 idem
653 248 707 284 ille
727 248 858 296 spiritus
873 248 979 285 siccus
987 251 1165 285 materiam
1182 262 1255 284 non
1269 252 1388 284 adurat
1404 271 1413 289 ‚
1428 249 1484 285 sed
1499 250 1607 286 solum
1625 249 1767 291 efficiat,
1781 260 1820 286 ut
1834 258 1999 296 evaporet

286 300 471 334 humidum
495 298 636 333 crass'um
661 298 695 332 ὅ(
713 296 941 344 superfluum,
958 299 1076 333 subtile
1091 309 1206 333 autem
1219 298 1369 346 perlecle
1383 298 1627 347 incorporet&
1638 301 1732 334 uniat
1747 311 1828 334 cum
1846 298 1997 346 partibus

284 348 377 382 liceis
390 359 429 382 ac
436 348 720 395 terreis,generat
733 346 873 393 lapides,
1538 366 1541 368 ,

382 396 576 430 Deducitur
592 395 755 432 secundo.
807 395 917 441 Qod
935 394 1107 441 semperin
1119 394 1340 429 mineralibus
1351 405 1528 430 remaneat
1536 395 1664 443 aliquid
1675 395 1830 436 humidi,
1844 393 1999 442 alioquin

282 454 396 492 partes
412 444 503 478 liccae
521 455 594 478 non
604 442 875 477 adhaerelcerent
889 443 1053 477 invicem.

379 492 696 528 Deduciturtertio.
749 490 914 525 Calorem
928 491 961 526 ὅ(
972 491 1077 539 frigus
1087 502 1160 525 non
1169 489 1234 525 effe
1250 490 1362 525 causas
1377 490 1435 525 nisi
1450 490 1721 526 instrumentales
1736 491 1772 527 ἃ
1788 489 1998 538 dispositivas

283 540 520 580 mineralium,
534 549 657 588 utpote
671 551 755 587 pura
767 539 975 579 accidentia,
990 536 1112 574 fossilia
1127 539 1220 574 enim
1233 539 1363 574 habent
1377 540 1549 587 propriam
1567 540 1716 575 formam
1728 538 1976 575 substantialem
1986 560 1998 578 ,

282 589 319 624 ὅ(
332 601 407 624 non
416 588 574 624 constant
584 599 625 623 ex
642 599 725 635 pura
734 588 822 622 varia
839 588 1103 622 combinatione
1118 588 1424 634 corpusculorum
1439 587 1573 622 nullum
1587 598 1706 623 autem
1720 588 1881 623 accidens
1895 587 2000 623 etiam

282 637 484 685 partialiter,
501 647 539 672 ut
547 637 732 671 docuimus
743 636 778 670 in
787 635 943 682 Phyfica,
957 636 1068 683 potest
1077 636 1272 683 producere
1282 635 1507 671 substantiam.
1560 637 1665 673 [Inde

383 687 578 721 Deducitur
591 694 725 732 quarto.
778 685 888 732 Qod
901 685 1009 719 virtus
1026 684 1219 732 principalis
1234 681 1395 718 foslilium
1406 684 1443 719 fit
1457 685 1564 720 virtus
1572 684 1726 732 corporis
1737 683 1903 723 coelestis,
1921 694 1997 731 quae

283 734 523 770 communicat
535 732 756 768 mineralibus
772 733 937 779 quasdam
952 733 1131 780 qualitates
1145 733 1316 772 occultas,
1332 744 1483 780 perquas
1497 733 1634 769 cautant
1649 732 1819 769 mirabiles
1834 731 1977 769 effefims
1987 754 1998 772 ,

281 793 323 818 ut
336 783 646 830 patetinmagnete
661 781 820 816 trahente
837 782 985 820 ferrum,
996 782 1030 816 ἃ
1046 782 1079 815 in
1090 781 1244 828 pluribus
1260 780 1428 827 lapidibus
1445 782 1608 828 pretiolis.

380 831 576 866 Deducitur
591 830 725 877 quinto,
779 828 1015 864 Differentiam
1032 829 1249 864 mineralium
1266 830 1346 864 oriri
1361 841 1403 864 ex
1419 830 1608 865 diversitate
1632 829 1812 865 halituum.
1863 828 1993 876 Neque

282 879 377 915 enim
392 890 516 914 omnes
526 878 762 913 exhalationes
776 877 868 913 liccae
887 878 962 913 sunt
978 876 1135 924 ejusdem
1153 878 1291 926 speciei,
1307 888 1411 925 prout
1427 878 1519 914 enim
1536 878 1672 914 diversa:
1687 878 1826 913 minerae
1834 875 1930 917 sunt,
1945 877 1996 912 di-

279 927 383 963 versae
394 928 495 963 etiam
513 926 964 976 generanturexhalationes
974 949 983 966 ,
1001 939 1078 961 nam
1091 927 1174 963 licut
1187 938 1259 961 non
1269 927 1384 961 omnis
1400 927 1465 961 fert
1473 928 1592 962 omnia
1606 927 1724 967 tellus,
1740 927 1784 962 ita
1792 937 1867 961 non
1881 925 1996 960 omnis

280 977 414 1012 minem
430 979 572 1010 eosdem
591 985 751 1023 procreat
765 975 899 1010 halitus.

376 1024 565 1060 Conclulio
575 1033 703 1071 quarta.
756 1024 886 1058 Modus
894 1023 1127 1071 generationis
1144 1023 1360 1059 metallorum
1372 1025 1461 1059 bene
1470 1025 1510 1058 ab
1520 1023 1646 1058 eodem
1657 1022 1869 1070 Philosopho
1885 1022 1928 1058 fic
1938 1033 1994 1057 ex-

279 1073 443 1122 plicatur:
461 1073 546 1107 intra
562 1083 658 1108 terrae
666 1071 792 1107 viscera
807 1072 999 1107 excitantur
1012 1072 1044 1105 vi
1063 1072 1184 1107 caloris
1199 1071 1440 1119 exspirationes
1456 1072 1709 1120 humidae,quae
1724 1071 1946 1108 ascendentes
1961 1070 1997 1106 in

281 1123 379 1169 supra
394 1121 521 1169 pofitos
538 1121 665 1169 lapides
675 1120 873 1169 impingunt
883 1120 919 1155 ὅ(
934 1120 1171 1155 adhaerescunt
1182 1142 1191 1158 ,
1205 1130 1309 1167 atque
1326 1131 1449 1155 eorum
1459 1121 1590 1155 intenso
1607 1123 1735 1169 nigore
1748 1119 1995 1167 constipantur,

279 1172 373 1206 itaut
389 1182 456 1205 una
472 1182 553 1205 cum
562 1169 714 1217 pluribus
723 1168 932 1216 corpusculis
941 1168 1057 1204 ferreis
1073 1168 1108 1204 ὅ(
1122 1169 1213 1204 siccis
1228 1169 1454 1204 concrescant
1466 1170 1509 1203 ad
1524 1170 1671 1204 modum
1688 1169 1774 1205 roris
1790 1180 1829 1203 ac
1846 1168 1995 1216 pruinae,

281 1231 357 1267 quae
374 1219 604 1254 continuante
621 1219 712 1252 suam
727 1216 900 1253 astionem
916 1216 1045 1265 frigore
1059 1240 1068 1256 ‚
1084 1217 1119 1253 ὅ(
1135 1215 1282 1264 subjetos
1298 1217 1430 1253 minera
1443 1229 1557 1252 novos
1578 1217 1701 1253 halitus
1723 1216 1994 1252 subministrante

282 1267 421 1306 crescit,
438 1267 612 1313 acmagis,
626 1266 806 1314 magisque
822 1266 1000 1305 densatur,
1011 1277 1050 1300 ac
1064 1268 1204 1301 duratur
1219 1267 1334 1302 donec
1343 1266 1557 1301 formeturin
1568 1266 1756 1303 metallum.
1807 1266 1857 1300 Ex
1874 1276 1944 1312 quo

380 1316 575 1351 Deducitur
597 1314 919 1363 primo,materiam
937 1313 1156 1349 metallorum
1175 1312 1240 1349 effe
1252 1314 1395 1350 halitum
1406 1314 1591 1349 humidum
1603 1315 1691 1349 intra
1700 1324 1797 1349 terrae
1813 1313 1939 1351 viscera
1949 1312 1995 1348 la·

281 1366 417 1413 pidibus
433 1361 648 1412 potiffirnum
667 1362 869 1398 conclusum
882 1385 891 1401 ,
907 1362 997 1398 &ob
1006 1362 1528 1411 terraelapidumqueliccitatem
1542 1363 1694 1411 acfrigus
1711 1362 1950 1410 coagulatum3
1970 1361 1994 1396 i-

279 1425 314 1450 ta
331 1423 367 1448 ut
377 1413 677 1459 quemadmodum
694 1423 751 1446 ros
767 1411 801 1446 δε
813 1411 934 1458 pruina
950 1423 991 1446 ex
1000 1423 1127 1458 vapore
1137 1411 1270 1448 elevato
1282 1414 1299 1446 a
1314 1422 1419 1451 terra,
1437 1411 1493 1447 sed
1502 1412 1586 1446 aeris
1602 1411 1797 1447 circumfusi
1811 1411 1996 1459 frigiditate

281 1461 468 1498 addenlato
485 1460 595 1506 fitgita
612 1459 747 1495 metalla
764 1471 805 1494 ex
822 1471 950 1508 vapore
963 1460 1078 1495 adhuc
1092 1460 1350 1496 terraeinlidenti
1366 1483 1376 1499 ,
1392 1460 1426 1496 ὅ(
1441 1460 1600 1508 praedicta
1619 1460 1803 1509 frigiditate
1823 1468 1993 1494 concreto

278 1520 502 1560 generentur.
553 1507 842 1545 Confirmarihoc
850 1509 982 1555 optime
991 1508 1102 1556 potest
1117 1520 1159 1543 ex
1174 1521 1235 1548 e0,
1249 1509 1345 1556 quod
1362 1509 1464 1544 etiam
1475 1520 1516 1544 ex
1527 1509 1685 1544 halitibus
1702 1508 1737 1543 in
1751 1507 1893 1543 stiblime
1914 1519 1992 1542 eve-

281 1560 342 1596 ctis
352 1568 538 1608 generetur
551 1558 724 1592 interdum
736 1558 769 1591 in
783 1558 1015 1596 a'e'referrum,
1032 1568 1093 1595 trs,
1103 1557 1236 1604 aliaque
1250 1556 1468 1603 hujusmodi,
1483 1557 1666 1592 uttestatur
1675 1557 1902 1604 experientia,
1914 1567 1994 1590 nam

280 1610 317 1644 in
334 1608 468 1643 l³erlide
483 1619 556 1641 non
567 1605 667 1641 semel
683 1616 776 1641 aenea
793 1617 940 1652 corpora
953 1628 963 1644 ,
979 1606 1123 1640 hamatis
1140 1606 1261 1654 lagittis
1276 1605 1391 1640 fimilia
1403 1629 1413 1645 ,
1429 1605 1522 1641 coelo
1538 1605 1740 1641 coruscante
1755 1603 1995 1645 defluxerunt,

282 1658 318 1693 &
332 1656 457 1703 dilapsa
471 1655 660 1703 aliquando
676 1654 861 1689 fuitmoles
878 1655 985 1690 ferrea
1002 1654 1419 1701 quinquagintalibrarum
1427 1655 1516 1689 adeo
1531 1656 1616 1689 dura
1628 1677 1638 1693 ,
1656 1664 1693 1688 ut
1706 1654 1814 1701 frangi
1829 1653 1993 1701 nequive-

282 1707 334 1741 rit.
386 1705 521 1752 Qare,
538 1703 559 1740 fi
573 1702 749 1750 exspiratio
766 1701 877 1750 potest
899 1703 934 1736 in
949 1706 1022 1736 abre
1038 1702 1072 1736 in
1091 1702 1267 1737 metallum
1289 1702 1513 1738 concrescere
1531 1715 1541 1747 3
1563 1702 1676 1737 multo
1695 1701 1992 1750 faciliorinegotio

279 1754 409 1802 poterit
423 1756 455 1787 in
466 1763 561 1787 terra:
570 1752 724 1800 gremi03
742 1752 776 1785 in
790 1756 867 1786 a'erc
881 1751 974 1787 enim
986 1762 1114 1791 motus,
1125 1763 1195 1799 quo
1206 1750 1384 1799 exspiratio
1393 1751 1517 1792 fertur,
1532 1762 1608 1786 raro
1626 1750 1701 1786 finit
1714 1762 1790 1786 eam
1810 1750 1942 1786 solidari
1957 1750 1992 1785 in

279 1802 500 1840 denlitatem,
517 1813 620 1848 quam
629 1799 755 1835 metalli
770 1809 889 1835 natura
904 1799 1017 1847 exigit.

377 1850 572 1886 Deducitur
587 1848 751 1885 secundo.
801 1847 1020 1883 Aristotelem
1037 1860 1109 1882 non
1120 1847 1329 1883 constituere
1347 1846 1457 1883 solum
1470 1859 1637 1895 vaporem
1646 1847 1824 1884 materiam
1835 1846 1991 1882 metallo-

279 1911 377 1943 run-23
392 1897 597 1933 fedhalitum
609 1909 650 1931 ex
664 1908 794 1943 vapore
807 1896 843 1932 &
867 1896 1085 1931 exhalatione
1100 1896 1330 1943 compositum
1350 1919 1359 1935 ,
1382 1897 1416 1930 in
1430 1907 1501 1944 quo
1517 1907 1635 1931 tamen
1649 1896 1828 1943 praevaleat
1841 1895 1990 1930 humidi-

282 1960 333 1984 tas
347 1947 484 1994 vapori,
498 1947 650 1992 ideoque
660 1943 915 1991 aitlib.3.hujus
936 1945 1049 1992 operis
1070 1944 1206 1980 metalla
1220 1945 1341 1992 partim
1361 1941 1425 1979 effe
1439 1957 1563 1992 aquam
1580 1967 1590 1984 ,
1609 1945 1730 1992 partim
1751 1956 1824 1979 non
1845 1956 1990 1991 aquam;

277 2008 401 2044 aquam
411 2004 516 2042 prout
532 1994 760 2029 concrescunt
775 2004 817 2027 ex
829 2004 959 2040 vapore
971 2015 980 2031 ,
1003 1993 1061 2039 qui
1079 1991 1125 2027 est
1140 2005 1257 2040 aqueae
1268 2004 1626 2040 naruraegnonaquam
1643 2002 1748 2040 prout
1763 2003 1989 2041 augmentan-

281 2057 336 2080 tur
349 2055 390 2079 ex
406 2045 488 2079 licea
503 2043 698 2090 spiratione,
714 2040 811 2088 cujus
825 2041 1063 2088 permixtionis
1072 2052 1315 2088 argumentum
1325 2040 1371 2076 est
1380 2063 1389 2081 ,
1400 2042 1513 2089 quod,
1523 2051 1560 2076 ut
1570 2042 1735 2081 diximus,
1750 2041 1885 2077 metalla
1895 2041 1988 2089 igne-

275 2103 377 2129 antur
387 2103 514 2138 nempe
529 2100 670 2138 propter
684 2090 803 2126 liccam
815 2089 1087 2128 exhalationem,
1101 2091 1133 2124 ἃ
1145 2090 1331 2136 liquelcant
1347 2099 1488 2137 propter
1496 2101 1659 2137 vaporem
1672 2090 1868 2125 humidum.

376 2140 571 2176 Deducitur
587 2139 700 2175 tertio,
730 2140 889 2173 Formam
903 2137 1088 2172 sensibilem
1103 2137 1229 2172 metalli
1240 2138 1305 2174 effe
1315 2138 1477 2173 duritiem
1487 2138 1523 2173 &
1536 2138 1755 2178 denfitatem,
1765 2149 1990 2186 praeterquam

274 2190 347 2225 dari
358 2190 505 2224 sormam
516 2187 762 2223 substantialem
772 2186 908 2226 metalli,
918 2187 1104 2221 habentem
1115 2186 1229 2234 plures
1237 2188 1380 2222 virtutes
1389 2185 1727 2234 occultas,impre1sas
1735 2187 1753 2221 a
1761 2198 1908 2234 corpore
1918 2198 1990 2222 coe-

272 2239 356 2276 lesti.

374 2285 710 2331 Deducirurquarto.
760 2284 810 2318 Ex
825 2282 993 2331 praediilis
1004 2283 1141 2318 duobus
1156 2282 1322 2318 halitibus
1342 2283 1376 2317 in
1398 2295 1501 2318 unam
1518 2283 1649 2317 molem
1661 2283 1988 2323 concretis,adden-

277 2335 421 2382 satisque
435 2334 612 2368 metallum
628 2333 787 2379 accipere
804 2332 1021 2380 gravitatem,
1037 2343 1109 2365 non
1120 2332 1362 2378 autem,quod
1378 2343 1420 2366 ex
1432 2331 1729 2380 pinguihumore,
1744 2332 1988 2379 autexaqua&

275 2394 365 2419 terra
387 2383 587 2417 immediate
610 2381 831 2428 progenitum
846 2380 965 2416 fuerit,
982 2380 1060 2417 licet
1071 2380 1201 2426 aqua&
1214 2389 1301 2415 terra
1319 2380 1353 2415 in
1363 2379 1603 2427 venis&poris
1618 2379 1796 2415 metallicis
1809 2380 1987 2415 invenian-

275 2443 348 2472 tur,
363 2441 486 2478 utpote
496 2432 514 2464 ὲ
523 2431 646 2477 quibus
655 2430 803 2476 vapor&
813 2428 983 2464 exhalatio
999 2429 1125 2474 prodit.

375 2479 711 2524 Deduciturquinto.
763 2478 809 2512 Ex
819 2476 960 2511 metallis
972 2476 1032 2510 alia
1048 2475 1310 2523 effeliquabilia,
1324 2475 1385 2510 alia
1395 2475 1568 2511 duffibilia
1583 2498 1593 2515 ,
1611 2475 1676 2510 five
1691 2475 1910 2511 extendibilia
1924 2487 1984 2523 per

275 2529 382 2564 ic‘lum
393 2527 503 2562 mallei
512 2550 521 2566 ,
538 2528 633 2573 quod
643 2538 714 2560 non
726 2526 772 2560 est
789 2527 832 2560 ita
842 2525 1103 2572 intelligendum
1115 2547 1125 2563 ,
1136 2534 1172 2558 ut
1181 2524 1352 2570 liquabilia
1362 2535 1434 2559 non
1445 2524 1507 2559 sint
1516 2525 1618 2559 etiam
1629 2524 1817 2564 dufflbilia,
1831 2525 1863 2559 ὅ(
1873 2526 1891 2558 e
1901 2536 1983 2559 con-

274 2577 389 2616 verso,
409 2574 462 2610 sed
473 2586 510 2610 ut
518 2575 629 2622 aliqua
642 2574 972 2621 laciliusliquentur,
987 2585 1089 2619 quam
1106 2574 1298 2616 ducantur3
1314 2572 1375 2606 alia
1384 2572 1515 2608 facilius
1529 2574 1700 2607 ducantur
1712 2595 1722 2612 ,
1741 2585 1841 2620 quam
1852 2573 1983 2619 liquen-

274 2636 341 2661 tur.
394 2623 583 2672 Liquabilia
599 2625 689 2662 sunt,
705 2634 779 2669 quae
795 2623 870 2669 plus
887 2621 1175 2659 habenthumidi,
1191 2630 1228 2655 ut
1238 2620 1437 2667 plumbum,
1455 2620 1612 2656 stannum
1623 2621 1689 2656 ἃς.
1702 2620 1883 2656 Duffibilia
1900 2621 1983 2662 lunt,

275 2686 350 2722 quae
366 2674 495 2708 habent
505 2670 1196 2717 humidummediocriterattemperatum
1215 2669 1303 2704 {icco
1316 2691 1325 2708 ,
1335 2679 1373 2704 ut
1382 2680 1521 2709 aurum,
1538 2670 1633 2716 quod
1642 2669 1984 2717 potestduciinlami-

273 2734 333 2758 nas
350 2719 580 2758 subtiliffimas.

372 2770 566 2805 Deducitur
582 2769 686 2805 sexto,
737 2766 877 2803 Metalla
897 2767 1054 2813 quaedam
1070 2764 1136 2801 effe
1155 2765 1263 2813 magis
1278 2777 1380 2812 pura,
1395 2767 1551 2813 quaedam
1564 2765 1688 2802 minus.
1740 2764 1881 2800 Puriora
1899 2765 1983 2805 sunt,

277 2831 318 2854 ex
335 2820 570 2866 quibus,(lum
581 2815 759 2865 ignescunt
774 2816 888 2850 minus
903 2815 1120 2862 deperditur,
1135 2813 1170 2848 &
1184 2824 1346 2860 evaporat
1360 2827 1371 2858 ;
1393 2816 1503 2850 oritur
1512 2814 1603 2849 enim
1619 2813 1653 2847 id
1668 2825 1710 2848 ex
1727 2825 1788 2853 eo,
1803 2814 1880 2860 quia
1891 2814 1982 2862 injis

274 2880 349 2902 non
366 2870 440 2902 lunt
454 2877 565 2914 partes
581 2865 846 2900 excrementitiae
861 2886 869 2902 ,
891 2875 966 2910 quae
990 2863 1068 2911 igne
1093 2862 1297 2909 separentur.
1350 2862 1467 2897 Minus
1483 2875 1567 2910 pura
1587 2862 1680 2900 sunt,
1698 2873 1741 2896 ex
1758 2862 1881 2909 quibus
1899 2873 1980 2897 cum

275 2916 472 2965 igniuntur,
490 2915 564 2962 plus
575 2913 790 2960 deperditur,
807 2924 848 2947 eo
861 2913 954 2958 quod
963 2912 1141 2945 abundent
1149 2910 1299 2955 pluribus
1318 2911 1467 2957 partibus
1483 2910 1761 2947 excrementitiiS.

375 2963 563 2999 Conclulio
579 2963 707 3009 quinta.
760 2961 868 2996 Caura
879 2959 1030 2994 efficiens
1044 2958 1261 2992 metallorum
1273 2958 1319 2992 cst
1328 2960 1451 3003 pariter
1459 2960 1564 2994 virtus
1575 2959 1717 2993 [iderum
1729 2957 1907 3005 praesertim
1917 2958 1978 2992 So-

273 3014 333 3059 lis;
347 3025 427 3049 nam
445 3024 525 3048 cum
535 3010 669 3046 metalla
684 3009 864 3047 lintmissa,
883 3009 1099 3055 proindeque
1114 3006 1363 3041 excellentioris
1382 3018 1529 3047 naturae,
1545 3019 1647 3054 quam
1664 3007 1850 3046 elementa,
1866 3007 1898 3039 in
1908 3006 1980 3052 qui..

273 3064 336 3100 bus
353 3062 582 3100 efformantur
595 3082 606 3100 ,
626 3059 660 3095 6<
677 3058 792 3093 omnis
810 3055 1002 3105 principalis
1020 3056 1115 3090 caula
1133 3056 1255 3090 debeat
1277 3054 1341 3090 effe
1364 3056 1532 3097 nobilior,
1547 3055 1601 3091 vel
1617 3054 1731 3090 saltem
1745 3055 1842 3102 aeque
1858 3053 1979 3089 nobilis

1876 3113 1978 3151 quarn
