2054 3496
278 188 380 227 202
979 168 1342 243 Meteorologia
2040 220 2043 236 Ι,

121 259 236 298 ζίνῐω,
287 247 484 285 fidendum·
532 247 625 283 Nam
641 247 940 293 ntfidesfmaxtmum
961 246 996 292 est
1010 248 1166 281 vinculum
1180 244 1261 281 bonis
1268 251 1373 281 amicis
1385 269 1396 287 ,
1416 247 1462 283 ita
1470 246 1680 283 credulitatis
1695 248 1836 285 facilitas
1850 248 2002 297 peffima.
2039 257 2041 263 ⁴

285 297 414 344 Vigeat
422 294 554 330 utinam
569 297 730 335 omnium
740 297 774 332 in
784 297 977 336 mentibus,
988 295 1023 331 ὅ(
1033 297 1209 332 oriaturab
1228 296 1370 330 orientis
1379 296 1591 343 Imperatore
1600 297 1717 332 Basilio
1736 298 1819 333 Filio
1829 298 1942 333 Leoni
1952 312 2004 336 re·
2039 322 2042 334 .

285 343 386 379 lidius
396 344 560 379 dotstrinae
567 345 694 380 radius.
746 344 893 393 Obstringe
905 356 931 379 te
945 346 1013 378 huic
1026 344 1193 387 neceffitatis
1207 354 1240 378 ut
1255 350 1354 377 omnia
1368 342 1425 378 tibi
1435 346 1521 378 oculis
1538 346 1712 391 inspicienda
1727 347 1775 391 effe
1787 346 1892 386 ducas,
1910 348 1946 384 εἴθ’
1958 353 2005 382 m’.
2038 346 2042 362 ²

284 391 493 439 hiljnspec‘lum
501 398 709 440 praetermittas,
758 392 1022 444 Qmadmodum
1036 397 1115 425 enim
1133 404 1183 432 ea,
1197 405 1256 438 qua
1271 392 1291 425 ἡ
1305 402 1331 425 te
1347 392 1494 440 dilgenter
1508 394 1628 439 a'nspeaea
1641 393 1892 428 admmfft'rantur
1903 417 1914 434 ,
1929 398 2005 430 mul.

282 451 349 474 tum
361 442 551 475 emolumenti
559 446 693 488 capiunt:
705 446 748 475 ita
758 465 769 482 7
783 455 841 488 qnae
856 456 913 475 non
927 442 1046 488 mspefia
1070 442 1215 488 neglefflt’m
1231 451 1454 487 pratereuntnr,
1475 446 1507 474 in
1527 453 1669 490 magnam
1684 447 1842 488 perniciem
1856 441 2006 485 labuntur,
2038 446 2041 485 ξ

284 489 404 536 Qam
414 489 512 524 facile
520 489 684 524 Eudoxiae
699 501 846 538 pomum
855 487 997 536 jacitur,
1013 490 1109 523 unde
1117 499 1172 524 tot
1186 487 1372 525 nascuntur
1389 489 1583 529 discordiae,
1599 489 1635 525 ὅ(
1651 501 1747 525 mors
1764 491 1829 538 ipsa
1843 491 2005 538 pullulat,

286 537 443 572 ubisacili
459 549 541 573 aure
552 537 779 585 suspicionum
793 538 920 574 semina
936 538 1158 584 recipiuntur.
1210 538 1297 572 Non
1319 536 1468 575 sazviiffet
1482 538 1518 573 in
1536 537 1695 585 Crispum
1704 538 2003 580 ConstantinUS,fi

287 585 464 620 duriorem
478 586 940 627 habuissetauditum,nimis
948 587 991 621 ad
1006 586 1150 620 laeminae
1166 585 1358 620 anhelitum
1381 585 1507 621 mollis.
1556 586 1736 634 Tempore
1750 597 2004 635 temporatem-

284 643 381 681 perat
390 634 547 681 Sapiens,
563 634 598 670 ὅ(
619 636 716 670 mora
731 636 821 671 duce
835 637 877 670 ad
891 636 1028 670 fontem
1044 635 1198 682 indagat,
1213 635 1310 680 quod
1324 645 1444 669 rumor
1467 634 1587 682 populi
1603 634 1723 682 sparsit.
1779 636 1926 672 Prudente
1943 637 2003 685 dtf-

121 681 462 742 &phoclui-nfidemia'm'l
474 684 578 717 melius
594 706 604 723 ,
622 694 676 716 aut
689 686 788 717 utilius
800 683 835 729 est
849 681 1028 718 mortalibus.
1080 682 1163 717 Cits)
1182 683 1324 717 credere
1338 705 1348 722 ³
1370 682 1417 716 est
1432 682 1583 717 molliter
1598 685 1724 718 Cedere
1736 706 1746 724 ,
1768 686 1866 732 quod
1888 685 2004 721 foemi-

122 748 271 793 Antigona
288 742 409 765 narum
426 731 482 769 est.
532 734 563 767 A
577 732 717 767 Virtute
738 733 789 767 vir
804 733 1020 770 nominatur,
1036 731 1116 778 quia
1130 742 1204 765 non
1218 731 1337 777 quavis
1350 732 1431 765 aut-52
1443 742 1616 767 movetur.
1646 749 1655 753 -ν
1674 732 1836 769 Securius
1848 734 2004 780 propriis,

287 780 391 826 quam
406 779 539 815 vicariis
554 780 665 815 oculis
678 781 825 816 videtur.
877 781 987 828 Qod
1002 780 1022 814 li
1038 789 1132 814 tuam
1146 781 1189 815 ad
1206 790 1323 814 aurem
1340 780 1430 814 fama
1445 780 1553 815 affluit
1568 802 1578 820 ,
1594 781 1691 826 quod
1706 792 1787 817 aure
1800 781 1943 821 audisti,
1965 793 2008 817 ο-

121 838 272 886 Ct‘cdepe·
288 827 373 862 culis
386 828 520 863 rimare.
584 832 702 863 Nervos
719 840 806 875 atque
824 833 1053 876 artusjapt‘emiae
1067 828 1116 874 effi:
1127 850 1138 867 ,
1153 842 1211 862 non
1224 838 1330 861 temere
1343 828 1458 862 credere
1478 853 1488 868 ‚
1508 829 1554 863 ait
1570 829 1795 876 Epicharmus
1818 831 1910 877 apud
1926 830 2003 867 Cic.

147 893 246 921 titiom
286 876 469 911 Transsusa
485 887 527 911 ex
540 877 708 913 relatione
720 879 844 913 veritas
860 890 935 913 raro
951 877 1059 925 prima
1074 876 1207 911 constat
1220 876 1368 924 puritate
1392 890 1401 911 ε
1422 889 1502 912 nam
1523 877 1577 912 vel
1592 877 1728 919 crescit,
1742 878 1797 914 vel
1816 879 2003 914 minuitur:
2035 907 2040 919 ,

122 937 258 980 confida,
285 926 361 959 raro
371 924 597 972 aequilibrium
610 935 717 961 tenet.
767 927 940 962 Sincerius
959 925 1102 973 propriis
1113 925 1222 960 oculis
1232 923 1425 970 judicatur,
1442 937 1544 972 quam
1556 937 1597 961 ex
1607 925 1752 961 aliorum
1768 927 1934 962 sententia
1942 929 2003 962 de-
2036 921 2054 966 Ῡ.

145 994 202 1020 ms·
286 972 422 1008 ciditur.
473 973 662 1022 Indignum
677 975 877 1022 Torquatus
887 975 1037 1022 Imperio
1053 984 1135 1008 eum
1151 973 1352 1008 existimavit
1366 995 1376 1011 ,
1393 974 1451 1019 qui
1467 974 1582 1009 alienis
1599 974 1709 1010 oculis
1723 975 1841 1010 utitur.
1907 977 2002 1011 Nam
2051 992 2054 1010 :

284 1033 353 1057 nec
370 1025 450 1069 Regis
462 1033 613 1070 purpura
632 1022 739 1058 otiosa
756 1023 802 1058 est
818 1037 829 1068 3
847 1025 890 1058 ad
901 1025 971 1058 hoc
985 1021 1032 1057 est
1047 1031 1162 1061 natuS,
1179 1031 1216 1056 ut
1225 1031 1332 1068 quum
1349 1021 1402 1056 alii
1413 1033 1454 1056 ex
1463 1021 1570 1057 fluvio
1584 1045 1594 1063 ,
1609 1022 1676 1070 ipse
1691 1034 1733 1058 ex
1745 1024 1846 1059 fonte
1859 1023 2003 1063 hauriat.
2036 1022 2038 1027 ’

287 1070 458 1105 Referunt
473 1070 544 1110 alii,
560 1072 656 1117 quod
671 1072 786 1106 forum
803 1071 972 1118 loquitur,
988 1070 1056 1118 ipse
1070 1070 1177 1117 perse
1195 1071 1386 1110 intueatur,
1400 1080 1438 1105 ut
1453 1071 1569 1107 videat
1581 1093 1591 1113 ⁷
1612 1071 1695 1118 quid
1711 1073 1840 1108 credat.
1905 1073 2003 1113 Fide,
2036 1082 2054 1109 ἐ

143 1145 198 1180 mo
291 1118 327 1154 &
342 1119 433 1156 vide.
482 1119 676 1166 Babyloniae
696 1120 770 1155 Rex
783 1120 1012 1167 Apollonium
1027 1118 1243 1165 Thyanaeum
1258 1118 1477 1167 interrogans
1490 1141 1500 1159 ,
1515 1131 1583 1167 qua
1597 1120 1730 1155 ratione
1742 1131 1889 1168 regnum
1905 1119 2002 1156 suum
2036 1119 2038 1125 ¹

118 1147 144 1182 P
163 1160 172 1180 ¹
190 1144 219 1192 st
220 1155 278 1180 rm'
287 1166 433 1202 feliciter
442 1167 585 1202 stabilire
601 1166 725 1215 pellit?
738 1170 861 1204 audiit:
878 1170 1022 1203 simultas
1036 1167 1239 1207 honoraveris,
1250 1172 1350 1214 paucis
1362 1166 1430 1201 verb
1444 1168 1610 1202 credideris.
1665 1168 1804 1216 Rapinae
1818 1170 1960 1215 exponit
1968 1182 2003 1204 a·

283 1215 439 1250 nimum:
453 1216 618 1263 quiaures
629 1216 699 1251 suas
710 1216 857 1258 aliorum
871 1216 996 1265 linguis
1011 1215 1110 1250 facile
1125 1214 1258 1254 reserat.
1308 1216 1396 1250 Non
1413 1225 1496 1251 tutae
1516 1215 1592 1251 sunt
1607 1216 1913 1265 apraedagemmae,
1926 1229 2002 1264 quae
2034 1217 2037 1237 5

285 1263 429 1299 illustres
446 1275 489 1299 ex
502 1265 592 1300 vado
608 1265 832 1313 transpiciunt
846 1280 854 1301 ε
868 1265 968 1303 facile
982 1265 1169 1312 decipitur,
1186 1264 1244 1311 qui
1258 1263 1358 1299 facile
1371 1264 1483 1299 audit:
1498 1264 1599 1299 Solus
1615 1264 1670 1299 ille
1692 1273 1806 1306 tutus,
1821 1265 2002 1313 quitettus
2033 1273 2038 1312 ρ

285 1311 333 1347 est
347 1312 500 1361 singulis,
521 1313 604 1348 nulli
621 1313 694 1349 stitis
704 1324 851 1361 apertus,
901 1318 956 1347 Ne
970 1319 1023 1347 cito
1036 1312 1210 1352 crediderh,
1225 1314 1353 1345 multum
1370 1318 1424 1346 cito
1438 1313 1640 1350 crederelaedt't‚
1651 1313 1744 1348 Ovid.

382 1360 504 1396 Nolim
513 1371 630 1398 tamen
638 1371 673 1397 te
685 1363 926 1398 Domitianum
937 1361 1019 1401 effe,
1030 1361 1085 1397 cui
1102 1360 1249 1408 suspeeta
1264 1361 1397 1402 omnia,
1413 1370 1452 1396 ut
1468 1361 1504 1396 ὅ(
1520 1361 1645 1409 atergo
1653 1361 1938 1397 viderevoluerit.
1955 1363 2000 1397 U·
2034 1401 2036 1408 Ι

282 1419 421 1455 trumque
428 1414 547 1443 enimin
554 1415 625 1444 vz'tt’o
633 1409 668 1455 est
680 1433 690 1450 ,
717 1411 753 1446 &⁹
769 1410 901 1445 omnibus
915 1410 1030 1444 credere
1043 1432 1053 1449 ,
1072 1410 1198 1446 &nulla
1232 1411 1271 1444 lle
1283 1414 1363 1443 em’m
1376 1408 1510 1443 omnibus
1522 1409 1609 1445 fidere
1625 1432 1635 1449 ,
1651 1409 1776 1454 stultum
1791 1409 1842 1454 est,
1858 1416 1901 1443 ita
1923 1413 2000 1444 nulle·
2033 1434 2041 1450 ‚.

118 1446 233 1492 δίκη·
247 1455 370 1503 3·fidere
389 1457 600 1495 inhumanum.
656 1458 862 1495 Ludibrium
879 1459 994 1494 metus
1013 1458 1077 1499 est,
1095 1458 1151 1494 cui
1166 1458 1314 1504 quodvis
1330 1457 1461 1493 di&um
1477 1459 1635 1493 umbram
1650 1457 1743 1496 facit.
1806 1459 1904 1493 Num
1922 1459 1998 1506 quis
2032 1460 2035 1504 j

277 1505 433 1541 deliravit
447 1507 554 1554 magis
563 1506 744 1542 Alcibiade
760 1506 775 1545 ἳ
799 1508 857 1555 qui
872 1522 880 1543 ε
900 1511 957 1556 Ego
968 1505 1035 1550 fitne
1048 1529 1058 1547 ,
1077 1506 1190 1554 inquit
1202 1528 1213 1546 ,
1227 1519 1262 1541 ne
1274 1507 1468 1550 matrt‘fidem
1483 1505 1570 1540 habeo
1585 1519 1594 1541 ι
1614 1519 1716 1540 vereor
1729 1511 1826 1546 em'm,
1840 1520 1876 1540 ne
1890 1508 1928 1543 (ῤ’
1941 1508 1998 1554 ipſs*

276 1559 395 1602 mgrnm
408 1556 553 1588 calculum
567 1577 577 1595 ,
595 1567 646 1601 pro
660 1554 722 1589 albo
737 1561 889 1594 immittat,
941 1556 1013 1603 Qi
1035 1554 1119 1590 nulli
1140 1553 1216 1590 fidit
1230 1577 1241 1594 ,
1262 1566 1337 1589 non
1352 1554 1399 1589 est
1413 1554 1483 1590 fide
1505 1554 1642 1602 dignus.
1697 1555 1778 1590 Nec
1795 1554 1853 1589 fibi
1868 1557 1996 1596 credit,
2032 1549 2035 1572 ³

277 1603 338 1650 qui
352 1603 484 1638 nemini
500 1604 620 1641 credit.
671 1604 794 1640 Medio
812 1616 895 1651 ergo
913 1605 1056 1643 incede,
1074 1614 1140 1638 nec
1156 1603 1320 1637 omnibus
1330 1604 1452 1643 crede,
1467 1615 1533 1638 nec
1550 1603 1659 1638 statim
1676 1616 1684 1637 :
1699 1614 1765 1637 nec
1778 1602 1863 1637 nulli
1881 1605 1997 1644 crede,

276 1662 346 1686 nec
360 1661 559 1699 nunquam:
573 1652 641 1687 Sed
655 1650 743 1695 fide,
761 1652 797 1689 <St
812 1652 943 1689 diffide.
993 1653 1080 1690 Non
1094 1652 1133 1687 fis
1147 1650 1272 1693 facilis,
1286 1663 1353 1687 nec
1368 1650 1516 1687 difficilis
1531 1664 1540 1686 ε
1555 1651 1635 1687 audi
1650 1651 1770 1687 omnia
1784 1673 1795 1692 ,
1811 1650 1848 1687 ὅ(
1862 1653 1907 1687 ad
1919 1653 1998 1687 son·
2031 1646 2035 1672 f

279 1709 351 1737 tem
365 1701 453 1737 vade
463 1722 474 1742 2
490 1699 626 1741 &vide

808 1795 1042 1945 (ζωῇ)
1047 1796 1086 1862 s
1097 1797 1159 1943 ic}
1161 1795 1198 1938 [1
1211 1794 1279 1902 o
1345 1795 1459 1861 vl.

275 1971 572 2114 COnclufio
586 1984 706 2032 prima.
776 1982 913 2019 Glacies
939 1982 1073 2018 definiri
1087 1983 1198 2030 potest
1212 1982 1419 2019 definitione
1441 1982 1634 2030 cpocante
1648 1979 1722 2028 ejus
1742 1981 1877 2023 causas,
1896 1984 1994 2031 quod
2029 2019 2032 2024 ,

410 2034 449 2069 sit
457 2045 543 2080 aqua
553 2032 941 2082 instagnis,paludibuS,
959 2031 1176 2074 fluminibus,
1192 2032 1308 2067 aliisve
1319 2031 1492 2079 ejusmodi
1507 2031 1592 2067 locis
1602 2031 1731 2079 frigore
1745 2041 1912 2067 concreta
1922 2054 1933 2071 ,
1950 2043 1994 2068 ex

409 2081 614 2117 admistione
627 2091 723 2116 terrae
733 2081 798 2116 slve
807 2081 1031 2115 exhalationis
1047 2080 1140 2115 ficcae
1156 2079 1401 2128 adglutinantis
1411 2090 1522 2128 partes
1530 2091 1643 2127 aquae,
1654 2081 1697 2113 ita
1705 2080 1992 2116 utadhaerescant.

273 2131 323 2166 Ex
339 2142 411 2178 quo
431 2140 541 2178 patet,
556 2130 733 2165 materiam
750 2128 944 2172 glacieiesse
960 2141 1083 2176 aquam
1099 2139 1111 2166 t
1133 2128 1280 2164 formam
1306 2129 1572 2164 concretionem
1583 2139 1670 2174 ,qua
1687 2136 1799 2174 partes
1814 2140 1910 2175 aquae
1932 2130 1992 2164 ad-

268 2179 458 2215 haerelcant
472 2179 517 2213 ita
530 2201 541 2218 ,
555 2188 593 2213 ut
611 2189 683 2213 non
692 2167 819 2225 possint
838 2177 936 2212 facile
947 2176 1104 2224 separari:
1118 2176 1239 2224 gluten
1261 2177 1297 2213 <St
1317 2177 1407 2224 quali
1423 2176 1608 2225 coagulum
1625 2198 1635 2216 ,
1656 2186 1799 2223 propter
1813 2179 1911 2223 quod
1932 2179 1991 2212 ad-

270 2228 405 2263 haerent
416 2250 426 2266 ,
442 2225 758 2262 estadmistioterrae
774 2226 840 2261 five
850 2225 1084 2261 exhalationes
1100 2225 1204 2265 siccae,
1255 2225 1479 2264 Manifestum
1496 2224 1542 2260 est
1552 2223 1878 2265 eniminduffione,
1893 2226 1991 2273 quod

273 2275 402 2312 fleca&
412 2275 554 2311 humida
569 2275 632 2310 lint
649 2274 705 2310 fibi
715 2274 865 2310 invicem
874 2274 980 2309 veluti
993 2273 1130 2323 gluten,
1145 2283 1185 2308 ut
1198 2274 1335 2320 patetin
1350 2275 1457 2309 farina
1467 2273 1691 2319 ficca&aqua
1700 2273 1860 2313 humida,
1877 2286 1953 2321 quae
1968 2274 1991 2310 fi

218 2354 221 2357 t
270 2324 478 2360 misceantur
496 2323 663 2363 invicem,
677 2323 934 2372 adglutinantur
948 2323 982 2357 in
999 2334 1103 2357 unam
1119 2321 1257 2357 massam
1274 2322 1526 2360 consistentem.
1553 2321 1663 2358 Causa
1677 2320 1830 2356 efficiens
1841 2333 1989 2362 concre-

271 2373 408 2408 tionem
418 2383 513 2419 aquce
530 2371 577 2406 est
593 2372 718 2419 frigus,
729 2372 825 2418 quod
835 2372 914 2418 quia
930 2380 1121 2419 congregat
1139 2371 1375 2419 heterogcnea
1389 2393 1399 2410 ,
1421 2371 1515 2411 unit,
1533 2370 1569 2405 ὅ(
1585 2369 1754 2417 constipat
1767 2381 1891 2417 aquam
1907 2383 1990 2407 cum

270 2421 478 2456 admistione
492 2431 588 2455 terrae
605 2419 672 2455 live
687 2419 960 2454 exhalationibus
974 2418 1085 2458 ficcis,
1102 2419 1146 2454 ita
1161 2429 1277 2454 tamen
1291 2442 1301 2458 ,
1321 2429 1361 2454 ut
1375 2420 1418 2454 ad
1435 2431 1510 2454 eam
1525 2418 1808 2467 congelationem
1831 2430 1905 2453 non
1920 2419 1990 2456 sola

271 2469 408 2517 frigoris
418 2467 602 2504 efficientia
611 2478 812 2507 concurrat,
828 2467 884 2502 sed
894 2467 959 2514 ipsa
968 2466 1125 2502 admistio
1149 2467 1251 2502 etiam
1266 2477 1408 2503 terrenae
1423 2466 1676 2505 concretionis,
1686 2478 1761 2514 quae
1772 2467 1988 2514 congelatio-
2026 2508 2028 2512 v

265 2529 352 2553 nem
375 2528 589 2566 magnopere
602 2514 701 2562 juvat
718 2538 728 2555 ,
753 2527 795 2551 eo
807 2516 905 2563 qaod
917 2525 1005 2550 terra
1020 2526 1062 2550 ex
1078 2515 1110 2550 se
1121 2515 1224 2550 densa
1241 2513 1610 2556 exiistit,&craffiticm
1625 2515 1715 2552 ultro
1724 2515 1863 2562 appetit.
1897 2516 1986 2552 Haec
2024 2549 2028 2558 ,

270 2576 388 2601 autem
405 2576 502 2601 terrae
517 2564 673 2600 admistio
684 2564 855 2599 ordinarie
869 2575 993 2611 aquam
1008 2564 1209 2604 comitatur,
1219 2564 1300 2599 cum
1311 2576 1384 2599 non
1398 2565 1567 2600 habemus
1575 2574 1701 2610 purum
1717 2562 1753 2598 ὅ(
1767 2562 1935 2598 fincerum
1952 2577 1986 2600 a·
2026 2570 2035 2591 V

267 2625 345 2662 quae
355 2614 580 2651 elementum.
633 2613 734 2648 Ratio
745 2622 861 2648 autem
875 2634 885 2652 ,
900 2612 997 2659 quod
1007 2611 1073 2648 sola
1088 2612 1137 2647 vis
1145 2612 1280 2660 frigoris
1289 2614 1330 2647 ad
1342 2612 1595 2661 congelandam
1604 2623 1728 2659 aquarn
1742 2622 1816 2647 non
1831 2609 1985 2653 sufficiat,
2024 2635 2028 2659 ἒ
2053 2641 2054 2644 ,

267 2663 348 2709 quia
357 2662 508 2710 alioquin
519 2684 529 2703 ,
538 2662 618 2697 cum
627 2662 731 2710 frigus
741 2672 782 2696 ex
792 2671 912 2695 natura
922 2659 1019 2694 suain
1029 2659 1163 2696 summo
1178 2672 1273 2708 aquae
1286 2662 1462 2700 debeatur,
1471 2660 1640 2708 utpoteab
1651 2671 1689 2694 ea
1697 2659 1888 2694 exhibitum
1899 2672 1985 2696 con·
2023 2674 2028 2695 i
2052 2657 2054 2690 ἒ

268 2711 483 2750 naturaliter,
500 2712 631 2757 semper
639 2709 718 2758 gelu
728 2708 908 2745 constrhsta
921 2708 1028 2748 foret,
1044 2710 1140 2756 quod
1150 2718 1271 2756 praeter
1279 2709 1525 2756 experientiam
1541 2720 1585 2744 ex
1595 2719 1638 2743 eo
1647 2707 1771 2751 falsum
1780 2707 1847 2742 effe
1862 2709 1984 2756 depre-
2022 2748 2026 2758 θ

267 2759 434 2794 henditur
447 2773 455 2794 :
472 2758 551 2806 quia
559 2770 646 2806 aqua
655 2769 696 2793 ex
704 2767 823 2793 natura
833 2757 931 2793 suain
940 2756 1122 2792 excellenti
1131 2758 1239 2805 gradu
1247 2758 1391 2792 humida
1406 2757 1470 2797 est,
1486 2766 1520 2792 at
1527 2756 1645 2806 gelatae
1656 2767 1752 2803 aquae
1767 2756 1908 2791 durities
1917 2758 1983 2792 hu-

266 2807 413 2842 miditati
421 2807 632 2846 adversatur,
647 2806 769 2841 utluce
779 2806 900 2841 clarius
911 2804 957 2840 est
972 2819 980 2839 :
999 2816 1094 2854 ergo.
1144 2806 1308 2840 Secundo
1318 2808 1633 2853 patetexeo,quod
1645 2804 1770 2853 glacies
1785 2804 1916 2852 semper
1930 2817 1983 2840 re·
2028 2828 2031 2830 -
2052 2803 2054 2808 '

268 2855 356 2890 -solvi
365 2855 468 2890 soleat
477 2856 511 2889 in
520 2866 643 2902 aquam
651 2855 835 2889 turbidam.
884 2853 1005 2888 Tertio
1014 2876 1024 2893 ,
1034 2854 1113 2900 quia
1122 2853 1254 2889 constat
1261 2854 1469 2901 experientia
1478 2876 1488 2892 ,
1503 2855 1598 2900 quod
1609 2853 1628 2887 si
1638 2862 1780 2887 centum
1789 2851 1879 2887 libris
1887 2864 1982 2900 aquae
2022 2855 2035 2864 ”
2052 2852 2054 2857 '

267 2902 761 2951 admisceanturtrigintalibrae
770 2900 1874 2949 salnitri,&aquavehementeragitetunitautbenecumsalnitro
1883 2913 1981 2937 com·
2021 2937 2023 2953 ἲ
2052 2936 2054 2958 1

270 2952 469 2991 misceatur,
485 2951 539 2985 illa
548 2962 634 2998 aqua
649 2951 858 2999 congelascit
865 2950 966 2986 etiam
976 2950 1010 2984 in
1020 2950 1159 2985 summis
1169 2939 1337 2985 caloribus
1346 2950 1479 2989 testatis,
1490 2961 1573 2998 ergo
1583 2958 1694 2996 partes
1704 2948 1882 2984 salnitrales
1889 2949 1982 2985 ficcae
2021 2992 2023 2998 A
2051 2983 2054 2988 ,

272 2999 350 3035 sunt
362 2999 547 3047 coagulum
557 3010 669 3046 aquae,
686 3010 769 3048 ergo
778 3000 880 3034 etiam
889 2998 959 3033 aliae
975 2997 1210 3033 exhalationes
1220 2998 1322 3033 ficcae.
1373 2998 1537 3034 Accedit,
1552 2999 1649 3045 qued
1657 2999 1699 3032 ad
1713 2997 1979 3034 concretionem
2020 3003 2023 3039 j
2051 3002 2054 3037 j

273 3047 406 3093 semper
418 3047 544 3094 aliquid
553 3047 672 3082 caloris
682 3048 889 3094 requiratur,
899 3047 1052 3081 docente
1059 3046 1244 3081 Aristotele
1251 3058 1284 3092 4,
1295 3044 1398 3094 hujus
1410 3046 1523 3094 operis
1530 3056 1635 3094 cap.5.
1645 3056 1751 3093 quare
1759 3047 1980 3092 cumaquain
2020 3086 2021 3091 ¹
2052 3050 2054 3054 '

270 3096 330 3131 suo
343 3095 428 3131 statu
438 3095 569 3132 summe
584 3095 706 3144 frigida
721 3097 775 3137 lit,
790 3092 996 3144 nequibitex
1009 3094 1041 3130 le
1058 3104 1221 3131 concreta
1235 3093 1311 3130 esse.
1692 3115 1695 3117 ·
1882 3140 1932 3176 ΗΛ
2019 3116 2021 3132 ;
2052 3098 2054 3133 ἶ

1922 3141 1978 3177 'nc
2019 3144 2022 3177 f
2038 3146 2054 3161 ‘⁴
