2054 3496
267 177 360 239 10‘6
648 201 652 205 -
929 172 1295 242 Meteorologia

269 241 489 289 cEntinetur,
498 247 535 284 ὃς
544 247 690 296 stagnat,
698 246 734 283 <Sc
744 246 765 283 fi
774 247 959 295 aliquando
969 248 1004 282 in
1020 247 1227 283 contrariam
1246 256 1377 295 partem
1387 249 1500 284 ventis
1508 250 1727 297 propellitur,
1742 250 1879 299 cogitur
1893 258 1990 287 tunc,

267 311 343 334 non
353 297 438 337 fluit,
488 298 595 332 Unde
603 294 696 333 fluvii
707 308 831 331 omnes
841 297 874 330 in
882 296 986 344 plano
1003 296 1127 331 declivi
1137 295 1267 335 fluunt,
1283 297 1342 330 nili
1358 297 1451 331 enim
1459 297 1576 333 alveus
1587 298 1727 334 declivis
1736 299 1826 333 soret
1836 320 1846 337 ,
1856 309 1929 332 non
1944 297 1991 332 es-

266 346 316 382 set
325 345 436 393 major
443 346 530 380 ratio
539 368 549 384 ,
559 357 620 380 cur
627 358 713 393 aqua
723 346 757 379 in
768 347 859 380 hanc
868 345 982 392 potius
990 367 999 384 ,
1015 356 1118 392 quam
1130 344 1219 379 illam
1230 354 1362 391 partem
1372 346 1543 381 difflueret
1557 360 1566 380 ι
1583 348 1731 395 utigitur
1739 359 1825 394 aqua
1835 345 1928 385 fluat,
1937 357 1989 380 re-

266 396 372 443 quirit
381 394 667 442 {emperaliquam
678 394 908 428 declivitatem
919 393 1026 441 spatii,
1038 393 1113 433 live,
1123 392 1509 440 utscholaeloquuntur,
1523 394 1719 430 terminus&
1732 409 1787 441 quo
1802 393 1988 430 necessario

265 444 369 480 altior
378 442 444 479 esse
452 441 555 477 debet
563 465 573 481 2
583 454 686 489 quam
694 443 862 477 terminus
876 442 918 475 ad
934 455 1032 488 quem,

364 493 528 527 Deduces
538 491 622 526 hine
630 491 755 538 primo.
807 491 856 525 Ut
864 489 922 525 fiat
929 501 1047 525 motus
1056 490 1213 538 pliyficus
1223 502 1262 525 ac
1272 489 1429 525 sensibilis
1443 502 1607 538 aquarum
1624 492 1664 526 ab
1673 503 1746 526 uno
1761 490 1842 526 loco
1857 492 1899 525 ad
1908 490 1989 526 alte-

261 551 361 580 rurn,
377 551 442 588 pro
458 540 592 574 ratione
602 539 695 586 spatii
712 539 816 574 etiam
831 548 922 574 certa
930 539 1114 585 requiritur
1122 538 1298 574 declivitas
1315 538 1431 573 saltem
1441 538 1628 580 sufficiens,
1645 550 1683 574 ut
1692 549 1809 575 motus
1820 539 1875 574 ille
1889 539 1989 588 perfi-

248 584 385 624 'ciaturz
438 588 488 622 Ita
504 587 523 620 fi
540 599 628 635 aqua
643 587 799 635 stagnans
809 586 881 622 fieri
891 588 1014 622 debeat
1024 585 1462 628 flt1ens',velfifieridebeat
1476 588 1699 635 aquaedu&us
1715 589 1750 622 in
1766 587 1870 635 spatio
1886 589 1989 623 unius

261 637 414 674 milliaris
423 650 434 682 3
448 637 493 671 ita
509 636 679 671 debethic
687 636 839 683 disponi,
850 644 887 670 ut
896 635 1009 670 saltem
1019 645 1168 682 quatuor
1176 636 1298 676 unciis,
1308 647 1453 683 quarum
1462 637 1649 672 duodecim
1661 646 1841 684 exaequant
1850 638 1988 683 pedem,

261 687 300 722 fit
309 686 450 721 inferior
457 708 467 724 ,
475 696 514 720 ac
523 689 645 720 centro
654 694 750 720 terrae
759 684 905 720 vicinior
912 684 1101 718 terminumn!
1111 698 1198 730 quem
1206 707 1215 723 ,
1224 696 1326 731 quam
1341 689 1483 718 terminus
1490 685 1509 719 ὰ
1527 698 1595 732 quo.
1647 686 1701 720 Sic
1710 685 1744 721 ὅ(
1753 686 1786 719 in
1795 685 1903 720 altero
1913 685 1986 720 mil-

259 734 574 771 liarisubducendae
586 733 661 768 sunt
681 744 723 768 ex
741 733 1108 779 libellationequatuor
1122 734 1248 771 unciae.

361 783 526 819 Deduces
541 782 708 820 secundo,
732 785 867 828 Aquam
883 780 1070 821 fluentem,
1085 791 1122 816 ut
1137 781 1347 826 experienti-S
1361 781 1463 816 etiam
1480 781 1630 822 constat,
1647 782 1843 817 naturaliter
1863 793 1937 816 non
1953 794 1985 817 a·

261 830 428 868 scendere
439 831 482 866 ad
492 830 612 866 locum
627 829 784 866 altiorem
796 828 847 864 sua
856 830 990 878 origine
1004 829 1184 865 slvelibere
1199 828 1283 865 fluat
1299 852 1311 870 ‚
1326 829 1392 865 sive
1410 830 1580 866 meatibus
1597 830 1834 866 const1·i&as1t.
1844 831 1942 866 Hinc
1950 843 1983 866 e-

259 881 345 916 tiam
354 880 458 919 maris
475 877 669 927 superficies
681 878 843 914 humilior
853 877 915 918 est,
925 891 1028 926 quam
1040 878 1075 913 lit
1085 877 1283 916 fluviorum.

357 929 514 964 Adverte
524 938 640 963 tamen
649 939 742 968 ,non
752 938 891 962 omnem
900 938 961 975 per
971 927 1152 962 decursum
1169 927 1305 962 alveum
1322 925 1508 962 necessario
1517 928 1646 963 debere
1660 926 1727 962 effe
1736 927 1864 975 ubique
1881 927 1986 963 decli-

257 989 358 1017 vem,
375 977 458 1011 nihil
469 976 563 1011 enim
573 986 755 1023 vetat,quo
765 975 875 1010 minus
885 985 959 1010 tum
969 986 1112 1023 propter
1126 976 1297 1023 impetum
1314 975 1350 1009 in
1367 975 1482 1022 primo
1498 975 1659 1011 descenlii
1674 976 1875 1024 acquifitum
1885 999 1895 1015 ,
1909 986 1986 1011 tum

261 1026 343 1072 quia
353 1036 444 1061 nova
454 1023 681 1073 semperaqua
694 1025 875 1062 succedens
883 1025 1034 1072 priorem
1043 1025 1169 1064 trudit,
1185 1023 1270 1058 nihil
1278 1023 1421 1072 inquam
1431 1033 1542 1064 vetat,
1550 1026 1621 1072 quo
1638 1025 1754 1059 minus
1770 1025 1806 1059 in
1820 1026 1985 1060 horizon-

256 1074 315 1110 tali
323 1074 427 1123 plano
437 1072 545 1108 fluere
558 1084 715 1122 pergant.

357 1121 548 1159 Conclusio
569 1121 729 1159 secunda.
778 1122 884 1168 Aquae
898 1119 1047 1156 fluentes
1057 1119 1452 1157 moventurvelociusin
1469 1120 1657 1169 superficie,
1666 1121 1770 1169 quam
1781 1121 1815 1156 in
1825 1122 1982 1160 immun-

257 1172 302 1206 de
312 1170 506 1207 &leviores
516 1171 604 1209 sunt.
655 1170 797 1207 Constat
806 1171 876 1208 hoc
884 1170 1125 1217 experimento
1136 1181 1270 1209 eorum,
1281 1181 1356 1216 quae
1367 1170 1692 1209 transferuntur,niii
1702 1171 1893 1205 contrarius
1902 1181 1985 1205 ven-

257 1230 314 1255 tus
324 1219 468 1255 obsistat.
520 1220 559 1254 Id
569 1229 685 1255 autem
695 1218 879 1267 contingit,
890 1219 986 1266 quod
994 1218 1199 1265 aqualevior
1214 1218 1296 1253 sitin
1306 1217 1463 1266 suprema
1477 1229 1573 1266 parte
1581 1243 1590 1258 ,
1601 1220 1762 1267 adeoque
1779 1218 1984 1265 supernatet,

257 1269 293 1304 ὃς
310 1268 466 1316 quodibi
483 1268 580 1303 nullo
594 1278 768 1315 prematur
780 1268 938 1316 pondere
950 1267 1046 1302 velut
1062 1278 1118 1306 ea,
1132 1278 1208 1314 quae
1227 1265 1303 1301 fluit
1318 1267 1354 1301 in
1368 1267 1585 1315 fundo-,quat
1600 1270 1616 1302 a
1635 1267 1984 1315 superioripremitur.

257 1317 379 1353 Media
387 1327 503 1352 autem
513 1317 632 1351 medio
649 1315 725 1352 fluit
742 1316 772 1352 ἃ
782 1325 1031 1351 commovetur
1045 1326 1159 1351 motu,
1211 1315 1346 1350 Contra
1355 1328 1430 1363 quae
1439 1316 1474 1351 in
1485 1317 1574 1356 imo,
1583 1314 1705 1362 majori
1714 1316 1747 1351 vi
1757 1326 1938 1355 movetur,
1948 1315 1984 1351 ὅ(

256 1367 304 1401 ob
314 1366 348 1400 id
357 1364 706 1413 rapitsecumlapides
724 1364 754 1400 ὅ(
765 1376 925 1404 arenam,
940 1364 1108 1411 quoniam
1121 1361 1244 1410 majori
1260 1366 1418 1411 pondere
1434 1365 1602 1412 premitur
1617 1379 1625 1399 :
1644 1365 1678 1400 ὅ(
1693 1365 1774 1399 ideo
1793 1365 1895 1399 etiam
1911 1376 1983 1412 quo

254 1414 467 1463 profundior
478 1413 540 1454 est,
550 1414 593 1448 eo
603 1414 640 1450 ὅ(
649 1414 798 1453 validior,
809 1413 844 1449 <Sc
854 1414 900 1448 ob
911 1413 945 1447 id
956 1413 1232 1449 oneratalentius
1241 1423 1415 1453 movetur,
1424 1414 1479 1448 led
1489 1412 1611 1459 majori
1622 1413 1692 1447 nisu
1703 1410 1839 1459 objetra
1849 1413 1982 1448 evertit.

357 1463 521 1509 Quaeres:
537 1462 611 1498 Cur
621 1460 732 1499 fluviis
743 1461 1030 1510 profundioribus
1040 1461 1185 1496 celerius
1195 1462 1355 1496 innatent
1363 1462 1489 1500 naves?
1507 1462 1717 1509 Respondeo
1726 1484 1736 1501 ,
1752 1470 1863 1496 totam
1881 1461 1982 1496 ratio-

255 1523 338 1547 nem
346 1511 532 1547 velocioris
547 1521 666 1546 motus
681 1510 743 1546 effe
759 1510 989 1546 elevationem
1000 1509 1163 1558 supremae
1179 1509 1369 1557 superficiei
1382 1521 1479 1558 aquae
1492 1512 1534 1545 ad
1548 1511 1739 1545 terminum
1754 1510 1983 1550 decurrentis,

260 1560 493 1609 profundiore
501 1569 618 1595 autem
628 1559 726 1595 alveo
738 1559 837 1594 altior
846 1557 885 1594 fit
893 1557 1101 1606 superficies:
1111 1569 1206 1607 ergo.
1216 1558 1347 1594 Pariter
1356 1558 1447 1594 dulci
1457 1570 1543 1606 aqua
1553 1570 1653 1607 prom
1681 1558 1748 1593 tius
1757 1557 1915 1593 seruntur
1926 1571 1983 1592 na-

253 1620 333 1648 ves,
347 1609 427 1656 quia
437 1608 551 1643 minus
562 1607 663 1644 craffa
672 1608 807 1643 facilem
822 1607 898 1643 navi
908 1607 1174 1643 scindentiviam
1182 1607 1302 1655 aperit.
1353 1608 1410 1643 Sic
1430 1608 1533 1643 etiam
1549 1620 1636 1654 aqua
1680 1607 1805 1641 uminis
1821 1607 1932 1654 prope·
1940 1607 1978 1641 ri-

252 1669 313 1706 pas
321 1657 450 1693 tardius
459 1666 638 1698 movetur,
648 1657 750 1705 quam
760 1657 795 1692 in
803 1655 937 1697 medio,
947 1656 1026 1704 quia
1035 1656 1114 1704 ripae
1124 1656 1351 1704 utplurimum
1363 1655 1468 1692 exefae
1476 1679 1486 1698 ,
1501 1667 1541 1691 ac
1550 1655 1689 1690 finuosae
1699 1654 1833 1690 cursum
1843 1667 1981 1690 morann

256 1716 324 1746 tur.
1090 1702 1095 1719 ¹·

353 1753 544 1790 Conclusio
554 1754 671 1795 tertia,
679 1753 790 1790 levior
801 1753 844 1789 est
853 1753 970 1789 omnis
979 1764 1077 1801 aqua,
1085 1752 1272 1788 Aristotele
1280 1752 1375 1793 teste,
1385 1765 1460 1789 non
1475 1753 1585 1788 solum
1600 1753 1634 1787 in
1645 1751 1848 1787 fluminibus
1856 1775 1866 1791 ,
1875 1752 1929 1786 sed
1946 1752 1980 1788 ἀ

252 1803 453 1839 insontibus
464 1815 503 1839 ac
513 1804 625 1851 puteis
634 1827 644 1843 ,
659 1814 734 1851 quae
744 1802 951 1851 supernatat3
960 1802 1045 1838 ficut
1050 1800 1342 1850 graviffima,quae
1353 1803 1386 1837 in
1397 1803 1481 1837 imo.
1500 1802 1628 1836 Eadem
1640 1802 1733 1836 enim
1752 1800 1798 1835 est
1805 1802 1892 1835 ratio
1907 1813 1979 1849 par-

252 1853 342 1888 tium
351 1863 426 1899 qua:
442 1852 550 1887 totius
560 1852 796 1897 3descendunt'
804 1851 896 1886 enirn
907 1862 1092 1898 quaecunq3
1100 1851 1229 1900 gravia,
1246 1862 1321 1898 quae
1331 1860 1450 1885 autem
1466 1850 1554 1885 levia
1569 1850 1798 1897 supernatant.
1851 1850 1945 1884 Cum
1955 1851 1978 1884 i-

252 1911 358 1948 taque
371 1901 460 1935 inter
471 1899 613 1935 flumina
622 1900 774 1935 cernitur
784 1911 891 1935 unum
901 1899 998 1934 alteri
1013 1899 1247 1946 supernatare,
1258 1899 1477 1934 utTitarelus
1485 1898 1604 1933 Peneo
1613 1922 1623 1938 ,
1632 1898 1664 1934 ὃς
1675 1897 1894 1933 Boristhenes
1907 1899 1980 1946 Hy-

250 1949 350 1997 pani,
359 1949 446 1984 ratio
459 1948 505 1984 est
513 1949 548 1984 in
555 1949 721 1998 gravitate
730 1949 829 1984 unius
840 1947 1023 1984 &levitate
1031 1947 1249 1990 alteriuswel
1259 1948 1362 1983 etiam
1369 1947 1442 1983 aliis
1452 1949 1496 1983 de
1510 1947 1633 1987 causis,
1652 1957 1689 1982 ut
1703 1946 1725 1981 fi
1740 1946 1885 1982 alterum
1898 1947 1934 1982 sit
1942 1959 1978 1982 o-

252 1998 393 2036 leofius.
860 2025 867 2031 ψ
1081 2034 1087 2036 Α

353 2047 498 2095 Qaeres
507 2046 631 2094 primo.
652 2044 728 2082 Cur
735 2040 916 2082 flumina-se
925 2045 961 2081 in
969 2056 1064 2081 mare
1074 2044 1264 2084 effundant,
1291 2045 1513 2093 Resptondeo,
1522 2045 1693 2092 quosdam
1701 2044 1797 2080 hunc
1813 2045 1979 2079 effluxum

251 2096 420 2131 astrorum
430 2095 549 2131 du&ui
559 2095 764 2136 adscribere,
773 2095 874 2136 alios,
884 2095 1058 2131 mundum
1067 2106 1233 2142 magnum
1244 2095 1423 2142 quoddam
1433 2104 1560 2142 corpus
1574 2104 1666 2129 ratos
1675 2117 1685 2133 ,
1695 2093 1795 2140 quiin
1807 2104 1849 2127 eo
1858 2101 1912 2127 tot
1920 2103 1978 2128 ve-

252 2153 428 2191 naS,quot
438 2142 562 2179 fluvios
578 2156 617 2179 ea
629 2144 707 2193 lege
720 2155 835 2179 meare
845 2145 1088 2183 crediderunt,
1104 2153 1143 2178 ut
1155 2143 1457 2190 quemadmodum
1473 2142 1605 2190 sanguis
1622 2165 1631 2180 ,
1649 2142 1707 2189 qui
1723 2140 1770 2177 est
1788 2141 1909 2176 natur&
1923 2139 1977 2176 sua

251 2193 438 2232 humidus,
455 2192 616 2240 adeoque
628 2193 755 2241 gravis,
771 2193 933 2229 tamenin
942 2193 1076 2228 bonum
1091 2188 1424 2239 corporisascendit,
1434 2191 1469 2226 ὅ(
1479 2191 1694 2226 continuom
1710 2190 1878 2225 circulum
1889 2189 1968 2229 abit,

250 2242 422 2289 reditque.
473 2241 658 2288 Qosdam
667 2250 783 2276 tamen
792 2239 916 2277 fluvios
932 2241 1075 2276 ebibunt
1083 2240 1175 2276 lacus
1183 2263 1194 2280 ,
1203 2240 1436 2286 utJordanem
1445 2239 1668 2287 Asphaltites,
1678 2238 1735 2273 ubi
1745 2248 1967 2286 peramoenus

251 2290 363 2326 amnis
372 2289 407 2325 <Sc
417 2289 544 2325 Christi
562 2289 879 2338 baptismatelonge
893 2287 1105 2325 feliciffimus
1114 2288 1265 2323 laudatas
1276 2289 1388 2335 perdit
1397 2299 1499 2336 aquas
1509 2288 1740 2335 pestilentium
1751 2287 1968 2321 admixtione

347 2339 489 2386 Qaeres
499 2338 663 2373 secundo.
715 2337 1332 2386 Curfluminaplerumquematutino
1349 2348 1509 2384 tempore
1529 2336 1691 2370 nonnihil
1708 2334 1905 2369 excrescere
1922 2334 1974 2369 so-

249 2387 363 2424 leant}
382 2386 567 2421 Resondeo
576 2387 766 2427 ,rationem
777 2385 859 2426 effe,
877 2387 974 2432 quod
984 2384 1087 2421 noete
1098 2385 1246 2421 multum
1256 2386 1342 2420 roris
1351 2386 1386 2420 in
1397 2384 1508 2419 aestate
1517 2407 1525 2423 ,
1537 2385 1571 2418 in
1583 2387 1709 2427 hyeme
1722 2395 1808 2418 vero
1823 2383 1972 2418 multum

248 2435 384 2470 nebulae
394 2435 548 2475 decidat,
565 2447 636 2482 quo
648 2433 701 2473 fit,
718 2445 756 2469 ut
766 2435 920 2482 sequenti
931 2434 1018 2469 Solis
1027 2444 1106 2469 ortu
1125 2434 1277 2470 crescere
1288 2434 1473 2481 incipiant,
1482 2432 1518 2468 <Sc
1529 2434 1670 2479 quidem
1680 2431 1971 2479 maximetempo-

247 2484 341 2519 ribus
351 2483 473 2518 mediis
493 2483 526 2518 in
538 2486 722 2519 Autumno
733 2483 859 2518 scilicet
867 2506 878 2523 ,
887 2493 946 2518 aut
954 2494 1046 2518 vere.

346 2533 491 2580 Qaeres
500 2532 614 2567 tertio.
666 2531 756 2579 Qis
766 2531 802 2566 sit
810 2540 907 2567 ortus
916 2530 1067 2566 fluminis
1076 2529 1167 2569 Nili,
1187 2529 1244 2576 qui
1255 2541 1345 2564 unus
1354 2529 1422 2568 est?
1432 2541 1474 2566 ex
1482 2528 1661 2578 prm-igniis
1679 2528 1786 2563 totius
1797 2528 1889 2562 orbis
1909 2527 1969 2562 flu-

245 2580 398 2616 minibus
416 2579 525 2627 longo
542 2579 651 2616 transtu
666 2580 803 2615 medios
818 2580 934 2615 secans
943 2580 1124 2626 AEthiopas
1141 2578 1374 2626 &AEgypturn
1390 2579 1550 2628 irrigans,
1569 2589 1695 2625 magna
1712 2576 1777 2611 hac
1792 2576 1826 2611 in
1835 2578 1971 2612 reinter

247 2628 429 2677 scriptores
438 2629 638 2676 disceptatio
648 2628 712 2669 est,
727 2638 766 2663 ut
777 2628 867 2663 bene
876 2628 1042 2663 cecinerit
1050 2627 1230 2662 Lucanus:

451 2679 653 2720 Arcanum
669 2688 815 2719 natura
826 2686 939 2733 caput
953 2691 1029 2718 που
1037 2675 1211 2732 prodidit
1228 2675 1293 2716 ulli
1301 2692 1312 2716 .·

451 2737 532 2779 Nec
554 2735 659 2778 licuit
676 2733 829 2792 populis
843 2746 1017 2793 parvum
1032 2745 1086 2785 te,
1100 2731 1197 2775 Nile
1207 2765 1218 2784 ,
1236 2732 1389 2785 videre,

450 2794 682 2851 Amovitque
683 2791 794 2850 finus
803 2827 813 2845 ‚
833 2793 888 2840 dy·
894 2803 1032 2849 gentes
1048 2790 1184 2834 maluit
1198 2800 1306 2832 ortus

450 2852 623 2902 Mirari,
637 2850 751 2909 qutim
765 2851 859 2908 uoffi’
875 2861 969 2896 tuos,

245 2908 416 2957 Qidam',
425 2918 464 2944 ut
472 2909 576 2943 refert
585 2909 761 2943 Pausanias
769 2909 804 2943 in
815 2908 1060 2946 Corinthiacis,
1072 2907 1158 2946 sunt,
1170 2906 1230 2953 qui
1240 2917 1283 2941 ex
1293 2906 1467 2953 Euphrate
1477 2906 1566 2941 terra
1577 2905 1724 2941 condito
1741 2916 1781 2940 ac
1791 2905 1908 2951 postea
1920 2905 1963 2940 su>

244 2957 524 3004 praAEthiopium
542 2958 755 3004 prodeunte,
774 2957 897 2992 Nilum
916 2955 1218 2991 efficiexistiment.
1268 2954 1534 2990 Aristoteleslib.
1547 2966 1571 2991 1.
1583 2954 1736 2988 Mereor.
1749 2965 1821 3000 cap.
1833 2966 1869 2997 ις.
1887 2953 1967 2989 alie-

244 3006 376 3040 riteum
395 3005 475 3039 oriri
486 3006 634 3039 emonte
646 3008 793 3053 Argyre.
844 3005 1055 3040 Ptolomaeus
1072 3003 1198 3043 credit,
1207 3001 1314 3037 fluere
1326 3004 1345 3037 e
1362 3002 1542 3049 paludibus
1559 3002 1729 3037 inferioris
1737 3003 1877 3041 Africae,
1893 3013 1968 3049 qua:

245 3065 369 3100 aquam
380 3054 398 3087 e
409 3052 517 3088 Lunae
527 3054 706 3088 montibus
726 3054 860 3088 nivibus
878 3053 1033 3101 eliquatis
1049 3052 1232 3099 recipiunt.
1263 3049 1342 3097 Julm
1356 3052 1446 3085 inter
1455 3050 1516 3084 alia
1531 3073 1542 3090 ,
1568 3061 1643 3100 quae
1658 3051 1702 3085 de
1712 3050 1851 3096 Libycis
1866 3052 1968 3085 rebus

245 3101 378 3149 scriplit,
388 3102 564 3137 memoriae
573 3101 735 3150 prodidit,
744 3103 776 3137 N
782 3101 866 3138 ilum
877 3103 921 3138 ad
932 3111 1093 3138 montem
1102 3092 1276 3137 interioris
1288 3098 1504 3137 Mauritaniae
1514 3100 1532 3135 e
1542 3098 1738 3146 lacu,quem
1746 3098 1903 3182 Nilideilp
1911 3111 1966 3146 ap-

1826 3158 1870 3194 pe
1896 3158 1966 3187 ant,

2045 113 2048 153 l

2043 158 2048 266 l

2043 267 2047 364 l
