2054 3496
650 164 1220 237 Philosophico-Politica-r
1731 169 1798 234 65·

364 282 955 349 CONCLUSIO
1020 282 1507 349 POLITICA.

336 381 703 448 Incentores
727 379 1044 448 malorum
1060 401 1144 446 ne
1161 378 1526 450 tolerentur.

134 2174 397 2211 lectudelemte
405 2175 529 2224 cupio,
538 2174 695 2212 Politice.
744 2175 849 2211 Teste
865 2175 1062 2224 Sophocle,
1075 2177 1209 2213 Medici
1222 2190 1371 2213 amaram
1383 2177 1488 2214 bilem
1502 2190 1620 2215 amaro
1637 2181 1796 2217 remedio
1809 2177 1975 2228 Soph.apud

70 2184 132 2259 P
134 2223 282 2259 diluunt.
291 2224 452 2260 Cometae
462 2224 608 2260 fiderum
615 2225 768 2264 abortus,
786 2225 933 2260 &amari
943 2226 1054 2260 nuntii
1062 2228 1269 2262 morborum
1278 2237 1383 2275 atque
1392 2228 1677 2269 bellorulmacuta
1686 2231 1799 2267 orien-
1811 2228 1890 2263 Plus·

132 2272 176 2307 tis
193 2272 561 2320 Solislucepelluntur.
612 2273 779 2308 Caudatis
802 2273 856 2307 his
874 2273 984 2308 oculis
1003 2273 1062 2308 Sol
1078 2274 1170 2322 spina
1185 2275 1243 2314 est.
1293 2277 1497 2313 Venenatas
1511 2277 1631 2313 bestias
1649 2277 1805 2315 flamme-

70 2331 112 2356 us
121 2320 254 2369 gladius
271 2331 450 2369 expurgat.
474 2320 649 2356 Paradisus
664 2332 739 2356 non
747 2321 871 2356 tolerat
882 2321 1002 2369 aspidis
1010 2333 1199 2358 venenum.
1225 2323 1402 2360 Malorum
1413 2325 1612 2362 incentores
1622 2338 1802 2364 venenum

70 2369 233 2404 humanae
241 2370 512 2405 conversationis
524 2369 616 2409 sunt,
625 2369 659 2404 in
668 2370 888 2410 commerciis
897 2370 1122 2419 contagium:
1139 2371 1304 2408 contactu
1315 2383 1459 2409 nocent.
1509 2376 1666 2410 Abortus
1676 2376 1801 2412 huma-

71 2418 108 2452 ni
116 2418 252 2466 generis
260 2417 336 2453 sunt
347 2441 357 2458 ‚
367 2418 468 2467 pestis
478 2418 697 2465 Reipublicae.
747 2417 806 2452 Pia
815 2419 997 2454 crudelitas
1006 2419 1053 2454 est
1062 2420 1152 2455 exilii
1165 2431 1224 2456 aut
1232 2433 1291 2469 poe
1297 2434 1347 2457 nae
1364 2422 1456 2457 malo
1471 2423 1563 2458 malo
1579 2425 1733 2465 mederi,
1750 2424 1801 2461 se-

72 2466 167 2501 mina
176 2467 578 2514 opprimereimpietatis.
627 2465 747 2502 Scelus
759 2467 1263 2515 amat,quitoleratsceleratos.
1304 2471 1433 2518 Impius
1454 2471 1524 2512 est,
1547 2472 1705 2519 quicum
1721 2483 1800 2521 pot-

72 2513 132 2554 est,
150 2526 223 2549 non
231 2515 305 2551 vult
313 2514 469 2551 scintillas
478 2515 724 2550 incendiorum
734 2515 1133 2564 restinguere.Graffittur
1146 2518 1180 2553 in
1190 2519 1320 2554 vicinas
1331 2521 1420 2555 aedes
1429 2518 1566 2555 flamma
1574 2542 1584 2560 ,
1595 2521 1675 2556 cum
1684 2522 1801 2569 proxi·

72 2573 152 2597 mus
161 2563 467 2613 ardetUcaleg0n3
488 2563 524 2599 ὅ(
540 2565 576 2598 ni
591 2563 611 2598 e
625 2563 800 2599 consortio
810 2565 944 2612 pestifer
958 2565 1137 2614 ablegetur
1150 2589 1161 2607 ‚
1194 2566 1504 2604 sociumintoxicat
1514 2578 1525 2606 2
1535 2570 1618 2604 huic
1627 2570 1686 2617 qui
1694 2570 1803 2606 socie-

74 2611 136 2646 tati
153 2612 260 2652 favet,
281 2612 390 2648 fovet.
441 2612 553 2648 Unius
577 2611 679 2660 culpa
708 2613 744 2647 in
774 2612 889 2661 plures
917 2615 1113 2650 redundat:
1139 2615 1176 2651 ὅ(
1192 2617 1287 2649 malus
1303 2617 1439 2663 ipftfiet,
1463 2622 1519 2663 qm·
1533 2619 1610 2651 malo
1625 2623 1803 2671 convzbcerit3

75 2659 283 2699 Menander.
291 2661 465 2697 consentit.
472 2660 584 2702 malo,
598 2660 776 2709 quimalos
790 2661 914 2698 tolerat
928 2675 939 2708 3
965 2661 1106 2704 tolerat,
1123 2664 1183 2712 qui
1196 2676 1270 2700 non
1278 2665 1378 2702 tollit.
1388 2665 1518 2702 Monet
1530 2666 1657 2703 statius
1673 2666 1782 2704 Poeta
1787 2687 1801 2709 ς

326 2736 343 2744 -
366 2742 381 2748 -
405 2742 419 2748 -
443 2723 548 2755 Primo
557 2723 589 2751 in
597 2717 759 2764 limt'nefiste

334 2781 460 2813 conatus
460 2779 603 2822 ftelerum
609 2800 620 2817 ‚
629 2784 834 2824 atqueam‘mos
842 2780 967 2825 thfanda
971 2790 1118 2827 parantes.

79 2837 280 2875 Extinfflmm
303 2839 493 2874 carbonem
508 2838 567 2886 qui
579 2838 707 2887 tangit,
736 2840 839 2889 tingit
853 2852 989 2879 manus.
1039 2841 1214 2877 Scelerato
1231 2841 1290 2889 qui
1307 2841 1480 2883 convivit,
1497 2842 1537 2879 fit
1555 2844 1665 2881 locius
1675 2847 1802 2895 culpaet

77 2889 135 2924 hic
144 2887 241 2935 niger
248 2886 312 2926 est,
325 2887 421 2921 hunc
430 2896 467 2921 tu
477 2898 600 2922 cavere
616 2898 809 2926 memento,
857 2889 1040 2938 Qtidtano
1057 2892 1189 2924 contac'lu
1210 2896 1298 2924 etnam
1311 2895 1455 2937 sapientae
1463 2890 1586 2938 studfiafi
1595 2900 1801 2930 contaminan-
1814 2919 1858 2950 ζ,
1891 2919 1905 2953 l

76 2947 136 2970 mr.
154 2934 337 2983 just.Lips.
353 2935 799 2983 Rescindanmrperniciosa
808 2941 982 2978 membra,
1006 2950 1051 2973 ne
1059 2950 1187 2986 corpus
1198 2938 1407 2986 Reipublicae
1417 2939 1597 2979 inficiatur.
1648 2944 1798 2979 Verrem
1814 2918 1941 2998 ,ἔρξ’

76 2985 113 3021 ὅ(
123 2983 309 3020 Catilinam
318 2983 608 3032 quotPhilippicis
617 2983 857 3038 inlequebatur
873 2987 1113 3022 Romanorum
1124 2986 1319 3023 Consulum
1337 2986 1654 3036 eloquentiffimus;
1670 3003 1716 3027 ne
1729 2992 1793 3028 suis
1867 2980 1924 3001 Μ’

77 3032 381 3117 ipfiprobrigvigze
389 3031 505 3086 gloriae.
514 3041 636 3069 notam
645 3043 802 3081 inurant,
815 3034 934 3084 suidue
943 3035 1102 3084 sequaces
1109 3036 1146 3071 in
1160 3045 1292 3084 partem
1309 3037 1508 3085 pertrahant
1526 3049 1669 3075 morum
1676 3012 1962 3105 ουτω-ἧῖξέιάὲἷ

79 3090 137 3128 pte
151 3092 216 3117 am.
305 3092 338 3118 vx
365 3091 416 3115 ius
431 3089 540 3117 catut:
1899 3089 1912 3100 ·

1070 3137 1085 3172 1
1705 3143 1795 3179 Dus»

1809 2743 1966 2787 Strabds.
