2054 3496
637 177 1205 251 Philosophico-‘Politica
1721 189 1783 242 55.

54 269 135 318 quia
144 279 261 305 tamen
268 269 319 304 vis
327 268 402 303 haec
411 266 484 302 soni
497 265 597 301 valde
606 267 765 314 exiguam
775 265 811 302 ὅ(
824 265 882 301 vix
890 264 1077 301 sensibilem
1086 264 1123 299 in
1135 263 1267 300 vicinas
1282 262 1392 298 nubes
1406 257 1666 308 impreffionem
1681 258 1780 299 facit,

55 321 137 354 cum
147 315 359 366 potiffimum
371 318 414 351 ad
423 316 527 350 latera
536 314 572 350 &
582 327 655 350 non
665 314 790 350 sursum
805 323 1033 362 propagetur,
1048 313 1126 360 plus
1142 313 1269 348 virium
1294 310 1470 356 campanis
1479 309 1497 344 ἐι
1510 306 1781 347 δεηεάἱᾶἱοηε,

53 378 94 401 ac
103 365 256 402 Eccleliae
264 366 424 413 precibus
432 387 442 404 ‚
464 363 568 411 qufim
577 364 703 399 rationi
711 363 857 411 phyficae
867 361 970 398 ineffe
980 361 1177 397 deducitur.
1203 360 1313 408 Qod
1322 355 1530 406 majorijure
1538 357 1642 392 etiam
1652 357 1696 391 de
1703 356 1782 390 her-

53 415 105 450 bis
115 415 150 450 &
158 412 568 453 candelis,celebrioribus
576 412 667 447 festis
674 411 799 447 lustrali
807 411 896 459 aqua
905 411 1048 458 expiatis
1055 433 1066 450 ,
1076 420 1115 445 ut
1123 411 1214 445 bene
1224 408 1381 444 observat
1389 406 1595 454 Jonstonius
1612 404 1647 438 in
1660 404 1780 438 Thau-

51 462 291 511 matographia
299 461 460 500 naturalis
469 459 736 508 intelligendum
745 459 803 498 est,
854 459 1029 508 Delapide
1041 460 1127 495 vero
1138 457 1197 494 sub
1207 456 1307 494 teffis
1325 454 1490 492 asservato
1501 454 1544 490 ad
1553 452 1703 489 arcenda
1709 451 1777 487 ful-

52 510 147 545 mina
158 533 168 550 ,
181 510 329 545 omnino
342 509 528 557 superstitio
543 508 601 547 est,

151 558 307 606 Colliges
316 559 422 593 Sexto
433 571 442 592 :
466 556 657 593 Flammam
667 555 820 592 fulminis
829 567 924 604 aquae
933 554 1082 591 resistere
1099 578 1109 595 ‚
1116 564 1156 590 ut
1166 554 1197 590 se
1206 555 1247 590 ab
1256 554 1323 589 hac
1341 551 1497 600 extingui
1511 550 1605 587 haud
1617 548 1783 598 patiatur,

53 608 100 642 ob
117 619 288 654 vaporum
296 606 520 642 viscoiitatem
531 606 706 645 nimirum,
715 604 922 652 firm-{imque
931 604 1192 643 cohaerentiam,
1201 614 1276 651 quae
1285 613 1410 650 aquam
1419 603 1601 648 penetrare
1609 609 1683 633 non
1695 596 1781 635 finit.

53 656 221 695 Accedit,
236 657 333 703 quod
349 667 437 702 aqua
452 665 520 701 prae
536 655 659 689 caloris
674 655 897 689 vehementia
913 655 948 688 in
956 664 1123 699 vaporem
1137 651 1346 688 dissolvatur.
1398 649 1471 684 Lac
1488 648 1597 696 magis
1611 647 1782 681 idoneum

54 702 112 743 est,
121 705 200 751 quia
209 704 397 739 viscofitate
408 704 521 737 nativa
531 702 619 737 ferei
630 701 778 738 accensa:
786 698 912 751 affigit,
921 713 961 736 ac
994 711 1077 736 oros
1092 701 1290 745 claudendo
1300 700 1417 748 ignem
1426 696 1579 732 suffocat.
1628 697 1784 730 Acetum

53 752 138 786 vero
149 752 310 786 omnium
322 752 472 786 maxime
481 753 523 785 ad
532 751 788 799 reprimendam
797 751 952 785 fulminis
987 761 1139 785 ammam
1149 748 1331 790 conducit,
1339 758 1418 784 acre
1426 746 1554 794 quippe
1563 743 1646 781 cum
1654 741 1780 784 sit2sub·

53 799 176 836 tilitate
184 800 239 835 sua
248 801 299 836 rei
308 801 422 849 ignitae
431 799 525 848 poris
541 799 737 848 promptius
753 799 784 834 se
799 799 955 838 insinuat.

572 872 1277 932 APPENDIX.

56 975 208 1059 IGnem
218 984 306 1020 aqua
320 969 622 1018 inextinguibilem
632 971 769 1008 efficere
779 972 885 1007 docet
907 971 1072 1009 Albertus
1086 970 1138 1010 M⁴
1148 969 1184 1004 in
1201 970 1276 1005 haec
1283 969 1406 1006 verba:
1420 965 1492 1004 olei
1504 961 1680 1002 benedieti
1692 961 1749 999 lib.
1757 971 1784 1001 ῐ.

96 1021 322 1067 oleilinilib.3.
332 1020 453 1057 oleide
467 1018 590 1055 vitellis
609 1021 853 1057 ovorumlib.1.
864 1020 1038 1068 exquibus
1053 1021 1111 1057 fiat
1127 1018 1287 1054 mixtura.

302 1077 920 1161 CONCLUSIO
981 1084 1511 1159 PRACTICA.

278 1190 552 1324 l{Quinto
576 1185 756 1255 altius
776 1185 888 1253 stas
905 1236 922 1266 ,
942 1187 1121 1252 tanto
1147 1175 1569 1276 periculosius.

122 3009 784 3048 Ummacaduntsubito‚FlaviiArcadii
801 3011 962 3048 usitatum
979 3010 1130 3047 Lemma
1146 3019 1227 3046 erat.
1276 3009 1366 3046 Non
1379 3008 1532 3045 humiles
1550 3011 1705 3059 myricae,
1728 3014 1785 3050 vei

123 3071 313 3115 pauperum
322 3060 471 3116 tapernae
482 3082 493 3099 a
503 3058 561 3096 sed
569 3059 741 3108 fastigiatae
757 3060 905 3096 turrium
915 3060 1045 3101 moles,
1067 3060 1240 3096 verticatae
1254 3059 1298 3095 ad
1314 3070 1426 3107 usque
1439 3060 1588 3098 nubium
1602 3061 1786 3111 regionem

125 3109 244 3152 Cedn,
259 3116 507 3156 montiumque
514 3120 555 3146 ac
563 3107 775 3147 colofforum
786 3110 901 3158 apices
911 3108 988 3147 sunt
998 3108 1186 3147 fulminum
1195 3116 1291 3146 meta
1305 3106 1512 3157 scopusque·

1753 3160 1796 3197 Ει
