2054 3496
623 174 1188 247 Philosophico-Politica.
1672 191 1789 244 247

49 249 155 307 quam
168 253 331 297 effeetus,
347 265 527 304 nequeunt
536 256 673 292 metalla
689 258 731 292 ab
748 257 928 292 elementis
942 267 1106 305 tanquam
1124 256 1310 304 aPrineipe
1324 255 1421 292 causa
1431 254 1537 296 effici,
1556 257 1717 303 adeoque
1737 266 1790 290 re-

49 309 261 343 currendum
277 307 319 340 ad
338 306 459 345 lidera,
478 305 772 345 maxime-Solem,
790 304 889 352 cujus
903 305 953 341 vis
971 306 1006 341 &
1023 304 1202 340 influentia
1218 307 1378 340 omnium
1388 305 1682 352 Philosophorum
1701 316 1788 340 con-

49 355 143 390 sensu
155 352 310 389 latiffime
319 354 494 394 funditur,
506 354 540 389 ὃ(
552 356 594 389 ad
604 353 724 388 ssmiles
734 353 877 389 effectus
886 354 970 389 mira
978 352 1181 389 efficacitate
1191 353 1309 388 omnia
1321 365 1456 401 quaqua
1466 354 1599 390 verium
1617 362 1786 401 penetrat.

58 403 156 439 Hinc
696 421 699 425 ·
1685 414 1690 418 ·
1760 425 1766 428 -

149 448 338 498 Colligitur
349 449 481 496 primo,
493 460 614 484 eorum
633 449 838 497 opinionem
853 461 928 484 non
945 449 1132 489 subfistere,
1148 449 1207 496 qui
1221 460 1364 496 putant,
1382 449 1520 485 metalla
1536 449 1654 489 omnia
1671 449 1704 483 in
1720 449 1784 496 pri-

1 501 3 508 ’
48 511 105 535 ma
115 499 239 535 mundi
250 499 425 533 creatione
435 497 602 545 producta
611 497 802 537 i‘uiffemam
815 498 910 533 licuti
919 509 1046 533 naturae
1055 499 1196 534 Author
1205 499 1245 533 ab
1255 499 1353 533 initio
1368 499 1460 533 orbis
1471 497 1785 535 animalibus,arbo-

46 549 157 587 ribus,
171 547 314 594 aliisque
329 547 493 582 virtutem
511 547 636 582 indidit
645 545 1138 594 generativam,ita&metallis
1151 546 1351 581 facultatem
1363 568 1371 586 ,
1382 557 1421 582 ut
1431 547 1538 582 docet
1555 547 1764 593 experientia
1776 568 1785 584 ,

49 597 118 644 qua
137 605 358 642 compertum
375 593 422 629 est
437 617 448 634 ,
470 596 587 643 augeri
607 595 641 629 in
650 595 848 630 matricibus
867 594 1022 635 metalla,
1042 595 1237 642 eademque
1257 595 1435 630 interdum
1452 595 1487 630 in
1506 595 1655 630 nubibus
1672 595 1785 643 gigni,

48 646 84 680 ὅ(
100 645 136 679 in
158 655 283 679 terram
298 643 477 682 decidere,
496 643 706 690 utiIuperius
721 642 864 678 dicium.

148 691 334 740 Colligitur
350 691 514 728 secundo.
565 691 919 739 NecAstrologorum
938 690 1140 726 sententiam
1152 689 1197 725 sat
1210 689 1344 726 firmam
1356 690 1507 739 effe,qui
1519 690 1657 740 singulis
1667 690 1788 726 metal-

3 729 7 767 Ῐ
46 741 87 777 lis
108 739 256 789 singulos
266 739 418 787 planetas
439 740 642 775 attribuunt.
694 740 750 774 Sic
759 751 881 774 aurum
891 739 982 779 Soli,
1001 739 1108 775 Lunae
1121 749 1303 787 argentum
1319 762 1329 778 ,
1349 739 1612 779 Marmei-rum,
1635 740 1786 774 Saturno

48 789 247 837 plumbum,
260 789 339 835 Jovi
356 788 513 823 stannum
524 810 533 827 ,
554 789 732 823 Mercurio
750 798 933 829 argentum
946 787 1065 822 vivum
1079 811 1089 825 ,
1105 798 1149 822 aes
1159 788 1293 823 Veneri
1309 788 1515 825 adscribunt.
1567 788 1736 835 Qamvis
1753 799 1786 822 e-

5 871 7 874 .
48 850 121 873 nim
132 837 166 872 ὅ(
177 838 277 872 nobis
288 847 421 872 ccrtum
432 836 486 876 sit,
503 836 586 871 astra
609 836 644 871 in
655 826 847 871 sublunziria
865 834 1028 876 influere,
1047 836 1139 871 nulla
1154 845 1272 870 tamen
1294 837 1380 870 ratio
1398 837 1527 872 evincit
1535 847 1656 885 praeter
1668 834 1787 883 conje-

48 885 182 922 &curam
195 907 206 925 ,
227 887 324 933 quod
338 885 599 922 adererminato
619 885 725 919 (idere
741 885 1011 922 determinatum
1031 883 1209 919 metallum
1227 885 1433 932 dependeat.

146 933 333 982 Colligitur
350 934 466 969 tertio.
518 933 630 981 Qod
641 933 769 968 ficutin
779 930 1180 981 generationefoffilium
1192 944 1265 967 non
1277 932 1551 973 metallicorum,
1569 933 1615 968 ita
1633 933 1668 968 in
1683 944 1789 981 gene-

6 1015 9 1017 .
51 982 187 1018 ratione
201 982 422 1017 metallorum
440 981 536 1017 caula
552 981 827 1018 instrumentaria
845 981 908 1036 est,
924 981 1048 1029 partim
1065 981 1176 1021 calor,
1193 981 1317 1029 partim
1335 981 1464 1030 frigu53
1480 981 1575 1017 calor
1593 982 1685 1016 enim
1697 1005 1705 1020 ,
1728 993 1787 1016 cu-

0 1383 11 1406 ἲ

51 1043 100 1073 ,us
119 1030 167 1065 est
179 1040 376 1072 attenuare,
393 1030 573 1065 humidam
592 1030 858 1077 exspirationem
874 1030 985 1078 gignit
1004 1029 1039 1065 ὅ(
1051 1030 1192 1077 coquit,
1206 1030 1313 1078 frigus
1326 1041 1429 1075 vero,
1445 1031 1541 1078 quod
1552 1030 1673 1078 suopte
1688 1031 1784 1078 inge-

50 1081 110 1114 nio
126 1089 318 1127 congregat
332 1101 342 1119 ,
360 1079 508 1113 eandem
525 1078 790 1126 exspirationem
807 1078 996 1114 condensat
1010 1078 1046 1114 <St
1059 1078 1237 1125 constipat.

145 1118 334 1175 Coiligitur
344 1137 479 1174 quarto.
532 1127 722 1174 Improbari
738 1127 943 1175 opinionem
952 1126 1085 1162 Alberti
1100 1126 1154 1162 M.
1171 1127 1231 1174 qui
1248 1125 1427 1162 materiam
1437 1126 1658 1162 metallorum
1672 1126 1785 1161 [latuit

49 1177 237 1211 humorem
257 1176 425 1224 pinguem
443 1188 454 1220 3
468 1176 556 1210 Item
565 1175 756 1224 Agricolae,
776 1175 833 1223 qui
850 1176 1011 1210 credebat
1020 1173 1086 1210 effe
1094 1185 1218 1210 terram
1228 1187 1315 1223 aqua
1324 1175 1489 1215 mixtam,
1503 1175 1784 1223 pariterChynn-

48 1236 170 1260 corum
181 1224 401 1272 peritiorum,
416 1223 782 1271 quisulphur&hydra
810 1236 908 1270 yrum
927 1222 992 1259 effe
1010 1223 1219 1263 existimant,
1231 1225 1410 1271 equorum
1427 1224 1518 1259 varia
1532 1224 1699 1271 temperi„-
1712 1235 1783 1257 ane-

47 1273 125 1308 talla
139 1273 258 1307 omnia
269 1272 401 1308 misceri
416 1272 548 1308 volunt.
604 1272 775 1320 Quamvis
800 1273 827 1306 ii
841 1272 1081 1308 abAristotelis
1097 1271 1224 1319 placito
1241 1284 1314 1308 non
1329 1272 1374 1307 ita
1391 1271 1601 1312 dissentiant,
1616 1272 1671 1306 ilie
1688 1283 1785 1306 nam-

0 1335 11 1360 ;,
48 1333 117 1369 que
125 1320 346 1358 metallorum
356 1321 438 1356 facit
457 1320 635 1356 materiam
650 1331 821 1355 remotam
831 1320 997 1365 halitum3
1013 1320 1050 1355 hi
1065 1332 1150 1356 vero
1168 1321 1346 1356 materiam
1361 1321 1576 1367 proximam,
1591 1320 1731 1368 sulphur
1748 1319 1784 1356 &

51 1379 236 1423 argentum
261 1370 382 1406 vivum
406 1391 417 1410 ,
443 1380 519 1417 quae
547 1380 589 1404 ex
614 1370 778 1417 praedicto
803 1369 912 1404 halitu
929 1391 941 1410 ,
968 1379 1007 1404 ut
1032 1380 1075 1404 ex
1099 1378 1236 1404 remota
1257 1369 1480 1405 metallorum
1503 1370 1669 1410 materia,
1695 1381 1781 1405 con-

50 1423 205 1453 creicant

146 1445 294 1513 Qaeres
313 1465 430 1500 adhuc
445 1465 571 1512 primo.
625 1466 825 1511 Quomodo
842 1465 1040 1512 liquefactio
1055 1465 1277 1501 metallorum
1288 1464 1500 1513 explicetur}
1516 1464 1726 1513 Respondeo
1739 1464 1786 1501 se-

48 1516 171 1563 quenti
193 1514 322 1548 modo:
341 1513 435 1549 calor
449 1515 555 1549 habet
568 1514 733 1549 virtutem
749 1511 943 1549 relolvendi
958 1514 1144 1549 humidum
1155 1537 1165 1555 ,
1181 1514 1226 1549 ita
1238 1523 1274 1548 ut
1285 1513 1386 1554 fluat,
1406 1526 1486 1550 cum
1497 1526 1582 1562 ergo
1600 1514 1634 1549 in
1646 1515 1786 1562 quibus-

47 1566 128 1598 dam
141 1564 244 1598 rebus
260 1564 360 1597 datur
369 1562 554 1597 humidum
563 1561 694 1601 ,sedita
704 1564 792 1598 bene
800 1562 1022 1610 compactum
1031 1585 1041 1602 ,
1052 1563 1086 1598 <Sc
1097 1564 1235 1599 unitum
1247 1574 1327 1597 cum
1338 1563 1489 1610 partibus
1507 1562 1783 1602 consistentibus,

47 1622 86 1647 ut
104 1613 147 1647 ab
160 1611 231 1646 aliis
249 1610 390 1659 separari
410 1622 486 1645 non
501 1609 620 1658 poliit,
636 1620 712 1646 tum
731 1611 752 1646 li
766 1611 970 1646 vehementi
988 1610 1103 1646 calore
1118 1611 1202 1646 illud
1218 1610 1403 1646 humidum
1420 1610 1610 1648 resolvatur
1625 1634 1635 1652 ,
1650 1611 1688 1647 &
1700 1621 1786 1646 atte-

48 1709 76 1743 ri
89 1720 164 1743 non
177 1704 306 1756 poffita
323 1706 381 1742 suo
392 1709 550 1743 humido.
604 1708 698 1743 Hinc
707 1710 806 1743 datur
814 1708 900 1743 ratio
911 1731 921 1748 ,
939 1707 1120 1743 curlutum
1143 1707 1258 1743 calore
1267 1709 1422 1745 durelcat
1432 1731 1442 1748 ,
1456 1720 1534 1744 cera
1552 1708 1731 1756 liquelcat,
1746 1720 1786 1744 ac

49 1755 151 1795 fluat,
170 1757 250 1803 quia
264 1756 428 1790 nimirum
440 1757 625 1791 humidum
642 1767 728 1791 cerae
744 1756 792 1791 est
809 1757 902 1792 bene
915 1756 1138 1804 compacium
1157 1769 1238 1792 cum
1257 1756 1435 1792 lubstantia
1451 1757 1656 1793 confistente
1673 1770 1683 1802 3
1704 1758 1784 1793 ideo

46 1817 128 1840 cum
143 1816 175 1839 v1
191 1804 313 1840 caloris
331 1803 406 1839 Fluit
421 1805 608 1839 humidum
621 1827 631 1844 ,
649 1803 724 1839 fluit
745 1805 848 1839 etiam
862 1804 1041 1840 substantia
1057 1805 1242 1841 confistens
1259 1816 1345 1841 cerae
1361 1819 1372 1850 3
1388 1815 1510 1842 contra
1524 1806 1784 1841 humidumluti

48 1865 124 1888 non
141 1852 188 1888 est
200 1855 290 1888 bene
302 1852 526 1900 compatrum
537 1865 617 1887 cum
635 1851 712 1899 ejus
724 1852 933 1898 substantia3
948 1854 1028 1889 ideo
1043 1865 1124 1889 cum
1138 1854 1171 1889 vi
1180 1854 1302 1889 caloris
1311 1852 1387 1889 fluit
1396 1853 1656 1891 talehumidum
1665 1877 1674 1895 ,
1692 1854 1783 1903 sepa-

48 1912 142 1937 ratur
157 1903 175 1936 a
188 1901 252 1936 luti
270 1900 465 1941 substantia,
483 1913 558 1949 quae
574 1901 722 1949 proinde
738 1901 887 1937 humido
902 1901 1022 1937 amiffo
1041 1903 1199 1937 durescit.

149 1950 294 1997 Qaeres
312 1949 478 1986 secundo,
531 1950 606 1985 Cur
622 1950 759 1985 metalla
774 1950 995 1985 inveniantur
1005 1951 1039 1987 in
1048 1951 1227 1986 montibus
1236 1951 1415 2000 praeruptis
1425 1974 1434 1990 ,
1443 1950 1610 1987 sterilibus
1623 1974 1632 1991 ,
1649 1964 1690 1987 ac
1699 1951 1782 2000 lapi-

49 1998 161 2037 dosisff
177 1997 403 2046 Respondeo,
414 1999 584 2034 rationem
602 1997 965 2046 eiie,quia,uthalitus
976 1999 1168 2036 metalliferi
1184 2001 1426 2039 concrescant,
1445 2000 1781 2048 it1perpofitilapides

49 2048 357 2095 cohiberedebent
371 2046 668 2095 transpirationem
683 2047 871 2087 halituum,
887 2059 1062 2095 quae-cum
1076 2060 1150 2083 non
1165 2048 1371 2096 impeditur,
1387 2060 1431 2083 eo
1447 2051 1545 2093 quod
1561 2048 1691 2096 lapides
1706 2061 1781 2085 non

53 2094 207 2151 fintsatis
221 2094 330 2135 densi,
346 2094 521 2132 invenitur
532 2095 853 2144 quidemlapidibus
862 2092 1094 2133 adhaerescens
1104 2093 1215 2145 aliqua
1229 2092 1346 2133 crucia
1360 2096 1548 2138 metallica,
1562 2097 1617 2132 sed
1634 2109 1709 2133 non
1725 2098 1779 2134 in-

48 2153 189 2180 vemtur
206 2154 306 2181 vena.

147 2192 292 2240 Qaeres
309 2192 424 2229 tertio.
473 2192 572 2227 Num
583 2192 685 2227 etiam
700 2192 736 2228 in
749 2191 1169 2241 fluminibus'gencrentur
1177 2192 1314 2227 metalla
1326 2216 1336 2233 ,
1350 2193 1432 2228 cum
1442 2193 1487 2229 ibi
1498 2193 1718 2231 inveniantur
1727 2207 1777 2234 ra-

50 2250 170 2277 menta
186 2240 259 2275 auri
275 2262 285 2280 ,
299 2241 430 2288 argenti
448 2263 458 2279 ,
472 2239 508 2276 ὅ(
523 2240 669 2275 aliorum
684 2241 905 2276 metallorum
921 2243 933 2276 ?
956 2242 1164 2288 Respondeo
1181 2242 1341 2289 negative
1356 2265 1365 2281 ,
1380 2254 1453 2276 non
1471 2243 1565 2277 enim
1580 2254 1700 2278 amnes
1718 2255 1777 2278 au⁴

49 2301 128 2326 rum
137 2301 169 2326 v.
178 2301 211 2337 g.
226 2288 392 2337 gignunt,
407 2288 488 2323 sede
502 2299 608 2328 terra,
623 2301 725 2336 quarn
737 2291 881 2329 radunt,
898 2288 1055 2325 effoffum
1064 2312 1074 2330 ,
1092 2300 1151 2324 aut
1162 2291 1180 2325 e
1190 2290 1345 2325 fontibus
1355 2290 1388 2325 in
1398 2290 1514 2326 alveos
1526 2292 1718 2326 derivatum
1730 2294 1777 2328 le-

0 1431 10 1454 2

2 1603 13 1650 i

0 1670 18 1910 ι
47 1670 194 1699 nuetur,
207 1659 254 1694 ita
271 1668 310 1694 ut
324 1657 425 1698 fluat,
443 1658 540 1694 fimul
557 1671 638 1694 cum
651 1660 798 1694 humido
815 1658 900 1694 fluet
913 1668 988 1694 tota
1005 1659 1188 1696 substantia
1204 1662 1307 1695 etiam
1325 1660 1511 1696 confistens
1527 1683 1537 1700 ,
1560 1672 1641 1695 cum
1659 1660 1786 1707 separa-

2 1910 17 1956 ff

4 1999 22 2083 ἒς,

7 2095 17 2130 ii

6 2155 21 2182 ἲ,

7 2230 24 2283 i.

8 2301 20 2324 r

8 2335 24 2381 ξ
49 2348 134 2375 cum
147 2338 294 2374 vehunt.
346 2338 425 2373 Nec
440 2336 487 2372 est
497 2336 605 2372 ullum
613 2349 736 2374 aurum
751 2337 947 2386 pulchrius,
955 2338 1115 2374 videlicet
1124 2338 1223 2374 cursu
1233 2338 1267 2374 ὅ(
1276 2339 1359 2374 tritu
1374 2338 1487 2375 lotum
1505 2339 1541 2377 ὅς
1550 2340 1775 2388 perpolitum„

319 2495 374 2560 C
396 2495 545 2561 ΟΝ
569 2496 942 2563 CLUSIO
1020 2495 1369 2564 POLITI
1391 2499 1534 2564 CA.

385 2585 658 2656 Confilia
668 2586 992 2688 serventur
1001 2589 1068 2658 in
1078 2589 1456 2660 abscondito.

27 2742 29 2744 -
153 2722 217 2758 Uae
231 2722 366 2760 illustria
375 2723 452 2760 sunt
464 2747 474 2764 ,
488 2735 613 2761 ‘natura
631 2726 664 2761 in
676 2726 821 2763 obscuro
836 2727 951 2775 posuit
971 2741 980 2763 ι
1001 2739 1122 2764 aurum
1138 2729 1173 2765 ἀ
1187 2739 1343 2777 gemmae
1359 2727 1393 2763 in
1410 2740 1522 2775 opaco
1541 2729 1687 2765 reservat
1703 2743 1713 2773 ς
1736 2730 1772 2766 il-

13 2730 29 2841 ,
50 2731 367 2857 Qludinjzerrae
381 2773 583 2814 visceribus,
599 2775 701 2809 hasin
717 2784 794 2811 arca
810 2776 996 2823 conchylii.
1047 2777 1156 2812 Rudis
1170 2787 1268 2812 terrae
1283 2776 1384 2811 maiia
1400 2778 1546 2824 pedibus
1561 2778 1771 2814 cen-culcan-

21 2842 26 2857 ‚
161 2821 203 2854 da
211 2820 392 2866 objicitur;
404 2831 438 2856 at
448 2822 693 2869 quifurnulum
710 2823 936 2864 succendere,
946 2825 981 2860 <Sc
995 2824 1166 2861 alembico
1183 2825 1364 2873 pretiosam
1377 2825 1458 2860 'Civili
1473 2825 1646 2862 lecernere
1664 2828 1772 2867 uorit,

15 2863 26 2904 l
46 2868 370 2904 ‘thesszurosecoeno
384 2869 528 2918 colligit.
580 2870 707 2907 Latent
722 2873 815 2907 enirn
825 2872 987 2920 pretiosa,
1006 2873 1040 2909 ὅ(
1051 2875 1224 2921 profunde
1235 2873 1362 2920 {epulta
1376 2874 1611 2909 retinenturin
1628 2875 1771 2909 abiton-

16 2914 27 2953 l
53 2917 128 2952 dito
144 2916 269 2970 quibu}
284 2917 433 2964 pretIum
448 2918 543 2955 inest.
594 2921 698 2955 Adeo
715 2919 859 2968 pretiosa
876 2920 952 2956 sunt
969 2922 1158 2969 sapientum
1177 2922 1314 2957 consilia
1327 2944 1337 2961 ,
1363 2932 1400 2956 ut
1414 2921 1448 2957 ὅ(
1467 2923 1569 2970 Regis
1585 2923 1716 2962 anima,
1732 2922 1769 2959 δε

17 2975 33 2999 τι
51 2965 149 3014 regni
171 2965 394 3001 coniervandi
408 2977 483 3013 pars
497 2967 629 3015 optima
646 2968 696 3006 M.
710 2969 854 3004 Aurelio
868 2970 1029 3004 Antonio
1048 2971 1258 3005 viderentur.
1324 2974 1366 3006 At
1387 2980 1423 3004 ut
1437 2970 1590 3005 valorem
1605 2972 1767 3017 perdunt,

25 3026 27 3058 j
54 3024 128 3060 quae
141 3024 215 3049 non
231 3025 303 3048 rara
317 3013 409 3053 (unt,
425 3014 460 3050 ὅ(
477 3015 580 3050 trivio
598 3016 748 3064 expolita
771 3031 779 3052 :
800 3016 843 3053 fic
863 3029 970 3053 omne
989 3018 1137 3065 pretium
1154 3019 1241 3065 perit
1263 3019 1422 3058 cornilio,
1444 3020 1565 3066 viSque
1588 3019 1711 3054 diffluit
1733 3020 1768 3054 in

26 3086 29 3094 .
50 3061 199 3101 nihilum
213 3061 346 3104 abiem,
361 3062 421 3099 nifi
430 3062 560 3101 tedium
570 3063 731 3105 servetur.
782 3065 1261 3115 Suntconfiliaregiipe&oris
1278 3065 1429 3107 soboles,
1441 3065 1650 3115 majestatem
1661 3080 1766 3115 quan·

1686 3117 1766 3151 dani
