2054 3496
237 220 297 258 10
914 201 1284 273 Meteorologia

233 287 350 324 qum
357 284 466 333 frigus
478 280 675 318 adversatur
682 290 812 317 naturae
822 282 924 323 aeris,
949 291 1075 330 utpote
1085 281 1201 318 calidae
1210 305 1221 322 ,
1240 293 1347 330 quare
1364 280 1630 329 nequittantiim
1647 280 1784 330 frigoris
1793 281 1967 329 perpetuo

237 336 383 371 servare.
432 331 600 371 Accedit,
615 329 842 378 quodaerille
855 331 994 379 gravior
1008 328 1090 365 esset
1112 330 1248 370 nostro,
1265 342 1337 378 quo
1355 341 1421 365 nos
1434 331 1598 370 fruimur,
1617 332 1699 366 cum
1717 330 1825 378 frigus
1838 330 1970 364 adden-

237 384 345 419 sando
356 381 560 430 gravitatem
570 379 730 418 inducat,
757 390 800 414 ex
808 391 879 427 quo
898 378 1097 427 sequeretur
1111 401 1122 418 ,
1149 380 1246 426 quod
1260 376 1389 414 allidua
1398 378 1628 414 alternatione
1642 378 1826 413 subsideret
1839 390 1880 413 ea
1893 389 1970 426 pars

240 431 329 467 aeris
338 431 397 466 suo
408 430 567 476 pondere
577 450 587 468 ,
601 427 637 463 ὅ(
648 428 722 462 haec
731 428 888 462 certatim
896 428 1208 474 ascenderet,quod
1217 427 1402 462 absurdum
1411 427 1469 464 est.
1493 429 1550 462 Ad
1561 429 1634 461 haec
1642 426 1816 474 responsio
1827 426 1891 467 est,
1911 426 1969 462 etfi

238 486 300 516 ae'r
307 479 428 514 natura
439 477 495 512 sua
504 477 541 512 fit
549 476 698 516 calidus,
722 476 759 510 in
766 476 881 510 media
888 485 1006 510 tamen
1015 475 1163 523 regione
1172 487 1246 510 non
1256 477 1394 510 tantum
1405 475 1527 510 caloris
1543 471 1770 523 poffidere,ut
1787 475 1970 523 impediat,

235 530 284 564 ne
294 527 325 563 se
337 526 507 562 halitusin
521 525 628 560 nativi
636 525 772 572 frigoris
783 523 908 559 statum
917 524 1118 563 vindicent,
1134 523 1316 571 praesertim
1328 547 1337 563 ,
1354 524 1437 559 cum
1452 535 1600 572 vapores
1616 522 1869 570 aliquantulum
1884 525 1969 559 cral-

237 577 342 613 fiores
351 575 431 615 sint,
456 574 493 610 &
502 573 558 609 sua
567 570 712 609 craffitie
721 572 806 608 aeris
815 571 989 607 affionem
998 572 1176 607 retardent
1190 585 1202 617 ;
1228 573 1323 608 Cum
1341 572 1424 606 item
1439 584 1481 607 ex
1498 573 1529 607 se
1538 572 1614 619 plus
1631 572 1767 620 frigoris
1775 572 1969 619 requirant,

233 626 341 673 quarn
349 629 406 659 aer
416 622 560 667 caloris;
584 621 752 669 siquidem
762 620 838 656 sunt
846 632 965 668 aqueae
981 630 1110 655 natura:
1124 643 1135 660 ,
1162 621 1220 656 cui
1239 621 1415 655 summum
1429 621 1537 669 frigus
1552 621 1699 655 debetur
1715 633 1727 665 3
1751 631 1824 668 quo
1841 618 1880 655 fit
1893 642 1904 660 ,
1930 630 1970 655 ut

228 671 344 720 major
359 671 397 707 fit
405 669 590 706 efficacitas
598 670 719 705 formae
728 681 898 717 vaporum
907 670 950 704 ad
959 670 1165 717 pariendum
1175 669 1209 703 in
1219 669 1293 717 ipiis
1304 669 1524 717 frigiditatem
1533 681 1594 716 per
1604 668 1795 704 naturalem
1805 668 1969 704 emanati-

234 733 345 758 onem
353 743 364 761 ,
390 720 496 767 quam
504 719 592 754 ae'ris
601 719 643 753 ad
654 718 929 753 calefaciendum
939 740 949 758 ,
965 717 1172 765 fluxumque
1188 717 1284 753 illum
1295 718 1398 753 nativi
1408 718 1543 766 frigoris
1554 719 1797 755 inhibendum.
1806 717 1969 752 Similiter

233 771 280 806 ad
288 769 480 805 secundum
488 766 735 815 respondetur,
754 767 837 801 cum
849 766 1027 814 quidpiam
1039 767 1084 801 ita
1097 766 1144 801 est
1160 777 1282 801 contra
1291 767 1456 814 privatam
1467 767 1569 801 unius
1578 767 1626 801 rei
1636 777 1810 806 naturam,
1837 776 1876 801 ut
1884 766 1967 801 alio-

234 819 321 868 quin
330 813 918 862 consentaneummeceffariumque
927 815 963 850 lit
972 825 1100 849 naturae
1110 815 1300 854 universali,
1324 815 1389 850 sive
1400 816 1514 849 ordini
1529 828 1568 849 ac
1583 814 1789 862 perfeetioni
1804 814 1949 850 universi
1958 837 1968 854 ,

233 878 309 916 quo
318 865 421 915 patio
436 864 468 900 se
477 865 582 899 habet
590 863 759 912 frigiditas
776 864 818 898 ad
827 869 943 898 aerem
953 864 1076 898 mediae
1086 864 1252 912 regionis,
1263 864 1297 898 id
1309 873 1516 910 perpetuum
1527 862 1592 898 esse
1600 862 1696 911 posse
1705 876 1716 908 ;
1725 874 1792 898 nec
1801 862 1968 898 Aristote-

230 916 304 952 lem
313 916 358 950 de
366 911 613 960 hujuscemodi
623 911 781 948 violento
794 911 937 961 intelligi
947 913 1086 947 debere.
1139 913 1293 947 Demum
1310 913 1456 947 licetae'r
1465 912 1587 947 mediae
1597 912 1749 960 regionis
1759 921 1902 959 propter
1911 912 1967 946 fri-

229 975 296 1014 gus
304 963 433 1010 aliquid
442 962 626 998 contrahat
633 961 808 1009 gravitatis
824 973 835 1005 3
859 961 1056 1009 graviorem
1072 971 1192 996 tamen
1211 958 1368 996 infimam
1377 958 1451 1007 ejus
1461 959 1528 996 esse
1541 961 1695 1009 plagam,
1713 962 1756 995 eo
1773 961 1871 1008 quod
1879 959 1968 995 mul-

232 1023 311 1050 tum
321 1013 446 1047 babeat
455 1009 694 1046 concretionis
707 1018 839 1046 terreae.

332 1059 507 1108 Colliges,
534 1058 691 1106 quamvis
706 1056 839 1093 dierum
857 1056 913 1097 sit,
929 1056 1045 1092 sedem
1059 1057 1235 1104 propriam
1252 1057 1498 1092 Meteororum
1516 1056 1582 1093 effe
1597 1057 1632 1092 in
1645 1057 1752 1093 tribus
1769 1056 1863 1092 hisce
1882 1055 1970 1092 aeris

234 1109 439 1159 regionibus
451 1130 461 1148 ,
470 1106 634 1143 credibile
642 1116 760 1142 tamen
769 1104 835 1140 esse
843 1128 853 1146 ,
874 1106 951 1141 ‘dari
960 1107 1062 1140 etiam
1071 1106 1238 1154 quasdam
1248 1106 1455 1144 meteoricas
1465 1105 1707 1153 impressiones
1716 1105 1855 1154 proprie
1863 1104 1970 1140 dietas

237 1158 339 1206 super
350 1168 495 1192 omnem
503 1161 618 1191 aerem
628 1178 638 1195 2
654 1155 742 1190 intra
751 1153 933 1202 ipsumque
943 1155 1074 1190 coelum
1083 1154 1250 1203 generari.
1300 1153 1484 1189 Testantur
1505 1154 1541 1189 id
1552 1153 1754 1189 Astmnomi
1762 1176 1772 1194 ,
1790 1153 1849 1201 qui
1858 1153 1970 1188 faten-

241 1216 317 1246 tur,
330 1205 500 1242 Cometas
510 1204 607 1252 supra
618 1204 801 1240 Venerem
811 1202 847 1238 &
855 1202 993 1238 Lunam
1002 1201 1200 1251 apparuisse.
1225 1203 1267 1238 Et
1277 1203 1352 1250 quis
1364 1202 1515 1238 maculas
1525 1202 1560 1238 ὃ(
1568 1203 1696 1238 faculas
1704 1202 1821 1239 Solis&
1830 1202 1970 1238 Meteo-

240 1255 289 1294 1is
306 1253 486 1292 excludat?
513 1264 559 1289 eae
568 1263 687 1288 tamen
697 1250 811 1300 inipso
821 1251 997 1292 Sole-sunt,
1006 1251 1306 1298 utalibi-dicemus.

539 1322 1129 1392 CONGLUSIO
1172 1320 1672 1389 POLITICA.

611 1416 1037 1512 Politicus'per
1050 1413 1278 1510 gradus
1293 1413 1589 1483 ascendat.

1076 1533 1126 1570 ,Ξ

1528 3124 1583 3153 α’ρίι
1618 3121 1705 3150 Am?
1719 3132 1763 3150 vec
1771 3121 1897 3159 kjfesih

1887 3173 1966 3208 Este·
