2054 3496
22 3089 26 3118 l

22 3119 27 3170 l

23 3172 31 3197 l,

24 3216 27 3235 ι

687 212 1252 285 Philosophico—Politica.
1703 217 1804 278 289

95 292 254 333 censent,
270 303 350 329 nam
360 293 418 329 illo
426 294 542 341 potius
555 295 767 343 egestionem
784 296 944 337 solicitat,
958 295 1014 332 sed
1030 296 1110 344 quia
1123 306 1229 344 purus
1247 293 1302 329 ille
1313 293 1444 329 humor
1460 291 1613 341 sanguini
1626 290 1800 326 admixtus

96 340 247 376 calorem
261 343 415 377 nativum
425 342 616 392 exstinguit.
668 344 763 380 Hinc
779 345 881 380 etiam
890 355 967 384 eos,
984 345 1044 392 qui
1057 345 1256 391 frequenter
1263 343 1474 377 mercurium
1487 338 1805 385 trauant,ejusque

94 388 356 435 exspirationem
366 392 542 429 attrahunt
550 414 560 431 ,
570 392 694 439 corripi
703 393 860 440 paralliyti
875 392 1147 428 animadversum
1165 391 1222 426 est.
1272 391 1501 437 Experiuntut
1509 389 1544 424 &
1558 386 1700 423 fossores
1710 387 1806 421 Mer·

96 436 201 476 curii,
219 437 275 473 fibi
293 447 441 474 tremere
457 439 540 474 inde
553 442 674 475 dentes
687 463 697 479 ,
711 441 799 475 vires
816 441 923 475 minui
937 442 1045 480 adeo,
1063 450 1101 476 ut
1110 439 1199 474 ultra
1215 448 1364 486 quatuor
1377 448 1487 473 annos
1501 437 1559 472 vix
1571 436 1752 483 quisquam
1767 435 1806 469 in

95 482 190 520 foffis
222 485 408 521 incolumis
435 489 600 534 perduret
629 511 640 527 ,
678 489 776 524 facile
806 489 971 536 fiquidem
1001 488 1060 523 suo
1091 487 1199 523 halitu
1234 486 1396 522 interiora
1432 485 1572 532 corripit
1602 484 1638 520 ὅ(
1681 482 1804 518 consu-

96 534 171 568 mit.
222 534 326 569 Unde
334 534 499 584 Fribergae
514 536 549 570 in
559 536 688 571 Misniae
703 537 842 572 civitate
858 535 941 584 saepe
954 537 989 571 in
997 536 1249 572 metallicorum
1263 534 1488 582 pulmonibus
1495 541 1676 582 argentum
1686 532 1807 566 vivum

95 581 277 617 inventum
287 582 334 617 est
341 584 476 619 Narrat.
486 584 760 630 Cardanmdefitbt.
767 585 802 620 in
810 583 881 620 offe
889 584 1039 620 calvariae
1047 583 1199 620 mulieris
1207 595 1249 618 ex
1258 583 1375 630 capitis
1385 581 1508 617 dolore
1524 590 1671 616 mortuae
1684 580 1806 614 inven-

98 638 174 664 turn
184 641 367 677 argentum
380 632 499 668 vivum
510 633 666 680 pondere
683 635 828 668 duarum
841 634 1022 669 unciarum
1031 656 1042 673 ,
1056 633 1227 668 rationem
1243 632 1338 667 addit
1351 653 1361 671 ,
1376 631 1456 678 quia
1471 641 1599 677 nempe
1613 627 1799 676 colligeba-

99 676 280 714 tursenfim
291 679 326 714 in
337 682 480 716 cerebro
488 692 581 721 ,cum
599 682 755 728 quotidie
770 681 852 718 fuco
862 691 1017 717 uteretur
1029 682 1075 716 ob
1086 680 1271 716 humidum
1285 703 1295 720 ,
1311 680 1408 726 quod
1424 678 1512 713 ficco
1531 677 1680 725 cogitur.

125 773 132 780 .
193 727 336 775 Qaeres
344 729 468 776 primo.
519 730 732 777 Qonamin
747 729 826 765 loco
841 729 1230 777 reperiaturMercurius
1246 729 1258 763 ?
1275 727 1371 775 Resp.
1384 726 1558 762 Purumin
1572 725 1702 761 lacunis
1711 723 1807 759 inve-

97 774 161 809 mri
169 774 243 810 vult
255 775 418 822 Jonstonus,
427 789 509 812 curn
522 789 618 825 aquae
625 801 636 818 ,
644 778 766 825 quibus
775 788 871 813 venae
879 777 1002 813 stillant
1009 801 1019 818 ,
1028 778 1214 813 minimum
1222 776 1482 811 madefecerint.
1531 774 1581 809 Eo
1590 772 1683 808 enim
1692 772 1806 806 modo

97 823 211 871 cogit,
227 823 307 859 &in
316 835 497 874 argentum
507 826 624 861 vivum
639 827 793 862 vertitur.
819 826 858 861 In
867 836 990 862 monte
999 825 1217 861 Gimnavada
1226 824 1279 860 sex
1288 825 1308 859 a
1317 823 1488 860 Cracovia
1497 821 1694 857 milliaribus
1705 820 1806 868 spon-

97 880 131 906 te
139 872 240 907 certis
250 874 331 908 anni
346 874 560 921 temporibus
573 875 618 909 ad
631 885 727 910 terrae
737 875 885 922 erumpit
894 873 1105 922 superficiem
1114 897 1125 914 ,
1134 873 1169 909 ὅ(
1180 871 1418 920 circajoannis
1426 870 1578 918 Baptistae
1589 868 1711 905 festum
1720 867 1811 903 mul-

98 929 132 954 ta
145 919 233 955 illius
247 932 353 968 grana
369 922 629 969 pisoruminstar
637 924 672 958 in
679 923 850 958 radicibus
859 923 1054 971 graminum
1072 921 1103 957 [e
1116 920 1288 970 collegisse
1303 920 1592 966 testaturTyrocz'mj
1606 917 1815 972 Grynia-[Aua

44 1001 46 1003 ,
97 967 186 1003 thorl.
195 982 224 1004 2.
233 982 259 1007 c.
265 983 293 1010 3·
345 970 523 1006 Caeterum
538 972 774 1007 communiter
787 969 860 1018 ejus
869 979 1013 1011 venam,
1028 980 1066 1006 ut
1074 975 1229 1005 Vitruvius
1242 971 1262 1010 l.
1276 979 1337 1007 8.c.
1345 981 1373 1009 3.
1389 966 1546 1003 observat
1560 989 1569 1006 ,
1583 965 1747 1001 uberrimi
1759 965 1811 1000 in-

101 1017 146 1051 de
161 1014 380 1054 scaturientes
395 1020 512 1054 fontes
527 1022 683 1067 produnt
696 1043 706 1059 ,
719 1032 758 1055 ac
770 1029 932 1067 praeterea
947 1019 1095 1055 herboso
1109 1019 1221 1055 virent
1235 1017 1372 1065 cespite.
1422 1015 1518 1051 Hinc
1535 1012 1607 1061 ejus
1624 1013 1810 1049 venamin-

97 1065 275 1111 quirentes
285 1067 524 1103 maneMenfis
543 1067 627 1115 Maji
642 1070 776 1107 sereno,
792 1068 935 1104 nebulas
950 1069 970 1103 e
982 1069 1165 1104 cacumine
1176 1066 1354 1102 montIum
1369 1065 1611 1103 ascendentes,
1626 1062 1718 1098 acin
1731 1073 1812 1098 mo-

98 1116 183 1148 dum
198 1114 288 1150 lunae
297 1114 394 1163 super
407 1115 569 1164 cespitem
580 1116 713 1152 diffusas
722 1116 1013 1153 animadvertunt.

195 1162 339 1208 Quaeres
348 1163 512 1200 secundo.
562 1167 660 1201 Num
671 1165 877 1201 Cinnaberis
886 1165 943 1202 fiat
950 1177 992 1201 ex
1001 1163 1192 1202 Mercurio,
1242 1162 1340 1210 Resp.
1349 1159 1568 1197 affirmative:
1587 1170 1667 1198 nam
1678 1157 1761 1193 ficut
1769 1167 1813 1194 ex

101 1207 204 1245 foffili
216 1211 327 1247 Minio
336 1212 530 1248 Mercurius
547 1213 660 1254 stillat,
674 1214 719 1249 ita
735 1224 777 1249 ex
792 1213 969 1249 Mercurio
985 1213 1130 1249 alterurn
1139 1212 1223 1247 illud
1231 1221 1343 1260 genus
1351 1207 1453 1256 Minij
1463 1232 1474 1250 ,
1488 1210 1523 1243 id
1533 1208 1591 1247 est,
1601 1206 1808 1259 Cinnaberis

100 1259 215 1299 evadit
224 1261 414 1297 accedente
421 1284 431 1299 .
441 1261 608 1309 sulphuris
617 1261 843 1302 admixtione,
851 1274 955 1309 quam
962 1263 1089 1297 rubeus
1099 1260 1198 1300 color
1206 1259 1438 1306 consequitur.
1487 1256 1693 1304 Analogiam
1706 1256 1812 1302 hujus

99 1305 232 1356 sanguis
242 1309 401 1351 exhibet,
414 1310 474 1358 qui
487 1311 733 1358 percolationis
748 1311 855 1358 opera
869 1310 964 1347 inlac
977 1307 1256 1347 candidissimum
1269 1306 1495 1346 convertitur.

395 1425 980 1492 CONCLUSIO
1036 1421 1530 1490 POLlTlCA.

429 1508 744 1578 AErarium
759 1532 895 1577 non
912 1506 1175 1602 patiami:
1194 1528 1479 1574 vacuum.

188 1642 373 1685 Cclefiastis
389 1657 520 1694 gnoma
532 1646 597 1682 est:
615 1650 744 1681 Pecunia
756 1644 891 1680 obedzimt
905 1650 1016 1684 omnia,
1065 1641 1282 1681 Latiffimurn
1298 1652 1436 1678 exercet
1452 1640 1655 1690 imperium,
1669 1638 1812 1693 quod&
1825 1619 1977 1667 Esd‘ffi'·

195 1692 295 1729 servis
304 1693 340 1730 ὅ(
349 1695 502 1729 dominis
514 1717 524 1736 ,
533 1695 651 1731 amicis
660 1707 699 1730 ac
713 1694 867 1730 hostibus
875 1706 973 1742 aeque
985 1705 1179 1730 commune
1186 1693 1243 1728 est.
1292 1693 1380 1727 Non
1389 1690 1587 1739 imperantis
1595 1689 1715 1736 sceptri
1723 1686 1812 1736 Juffa

195 1742 230 1776 in
240 1742 351 1790 pretio
365 1742 456 1783 sunt,
472 1744 542 1779 hoc
555 1743 666 1791 pretio
682 1742 852 1782 destituta.
902 1744 1029 1779 Dando
1042 1741 1291 1790 &imperando
1303 1752 1357 1776 res
1372 1741 1462 1776 bene
1476 1739 1706 1788 progreditur.
1755 1736 1813 1774 Ad

102 1799 294 1828 mimorum
307 1791 489 1828 cumulum
502 1791 764 1828 accumulantur
775 1791 894 1827 omnia
905 1792 1053 1827 fortunae
1067 1792 1172 1826 dona.
1203 1789 1364 1826 Dilucide
1372 1788 1557 1824 Horatius:

347 1839 626 1898 Wrtus,fama
638 1873 648 1892 ‚
663 1840 792 1892 decus,
807 1840 963 1892 divina,
975 1840 1220 1896 humanaque
1229 1837 1404 1895 pulchris
1825 1836 1971 1870 me'm

345 1897 513 1942 Divitiis
521 1909 686 1955 parent,
701 1913 796 1955 quas
805 1931 817 1950 ,
837 1899 904 1956 qui
912 1897 1181 1954 construxerit
1191 1930 1202 1949 ,
1216 1897 1277 1939 ille

347 1956 487 1999 Clarus
503 1958 581 1998 erit
589 1956 745 2014 fortis,
747 1956 871 2012 justus
885 1989 896 2009 ‚
931 1957 1087 2016 apicus,
1100 1956 1218 1998 etiam
1231 1956 1328 2006 Rex,

345 2016 395 2056 Et
405 2015 593 2073 quidquid
605 2013 716 2057 volet.

106 2078 147 2114 In
163 2078 275 2126 pretio
288 2090 416 2126 nempe
430 2081 577 2126 pretium
593 2079 641 2115 est
654 2090 694 2115 ut
710 2079 761 2117 M.
776 2077 871 2126 Didij
886 2076 1222 2127 JulianiSymbolurn
1237 2077 1341 2112 habet
1351 2098 1361 2117 ,
1375 2073 1428 2114 vel
1439 2073 1635 2110 utOvidius
1648 2071 1764 2108 canit:
1779 2075 1811 2104 fn
1831 2071 1924 2108 Ouid.
1938 2074 1982 2109 la.

100 2132 192 2174 pretio
201 2132 330 2174 pretium
344 2127 378 2173 est
390 2151 401 2168 ,
416 2129 488 2162 dant
501 2131 597 2173 censtcs
610 2128 728 2162 honores
741 2150 751 2167 ,
770 2129 866 2173 censits
878 2132 1042 2166 amt'cz’tt'as,
1054 2137 1163 2173 pauper
1175 2124 1281 2171 ubique
1289 2131 1381 2175 jacet.
1432 2123 1514 2160 Hoc
1535 2130 1727 2157 atramento
1743 2119 1811 2155 Mi-
1820 2120 1927 2168 faflz'd.

103 2186 219 2210 nervae
228 2175 552 2212 calamusimbuitur
562 2199 574 2217 ,
591 2177 725 2224 hacque
740 2187 820 2212 cote
832 2176 1001 2212 Mavortis
1016 2174 1101 2210 enfis
1113 2174 1259 2210 acuitur.
1309 2172 1431 2212 Etlex,
1447 2170 1593 2209 efficies„
1610 2168 1768 2205 amicitiae
1778 2167 1814 2203 ὃ(
1857 2174 1861 2178 ·

104 2224 257 2264 foedera,
270 2223 454 2273 Triumphi
468 2225 503 2261 <Sc
517 2225 668 2262 vietoriae
683 2236 803 2260 aurum
821 2224 1019 2271 sequuntur.
1067 2225 1300 2257 Munimentum
1321 2233 1475 2268 regnorum
1496 2219 1530 2264 est
1545 2223 1682 2252 aras-ium
1695 2240 1705 2257 a
1724 2216 1812 2263 quod,
1828 2223 1991 2277 Thmffl·

105 2269 175 2305 ciam
189 2284 390 2320 expugnarunt
404 2272 504 2318 hostes,
520 2279 551 2307 in
564 2273 748 2320 triumphum
758 2278 846 2307 etiam
852 2277 892 2306 Re
909 2286 936 2306 es
949 2273 1118 2310 ducuntur,
1131 2282 1164 2304 ut
1177 2276 1220 2303 ait
1231 2269 1283 2306 Ἤ),
1298 2268 1398 2313 Wzff
1436 2272 1592 2303 Aureum
1607 2277 1702 2301 nunc
1718 2276 1813 2300 mere

106 2319 266 2355 saeculum
284 2319 340 2357 est.
391 2321 532 2357 Nihilin
548 2321 683 2357 hostem
697 2321 827 2356 ferrum
842 2332 861 2356 e
903 2322 964 2360 cit,
981 2319 1040 2355 ubi
1055 2328 1225 2367 argentea?
1235 2319 1358 2353 desunt
1371 2315 1481 2353 hastae.
1532 2315 1626 2350 Hinc
1636 2314 1812 2360 Philippus

106 2368 347 2404 Macedonum
357 2369 432 2404 Rex
445 2392 456 2410 ,
469 2369 654 2406 Plutarcho
668 2370 855 2410 referente,
871 2369 984 2405 dicere
998 2366 1142 2402 solebat:
1156 2370 1307 2414 Argenteo
1318 2365 1526 2412 hafftrptgna,
1542 2364 1579 2400 (ῥ’
1590 2368 1697 2397 vinces.
1722 2362 1811 2396 Stra·
1828 2353 1909 2389 Plut-

106 2426 244 2464 tagerna
258 2418 449 2464 optimum,
463 2419 560 2466 quod
574 2429 648 2453 non
661 2427 732 2453 tam
747 2418 767 2453 ὲ
783 2418 927 2454 cerebro
943 2440 954 2457 ,
968 2427 1071 2464 quam
1085 2415 1256 2462 marsupio
1272 2413 1497 2461 depromitur.
1546 2415 1672 2447 Nervus
1687 2409 1813 2445 scilicet

105 2463 187 2504 belli,
202 2474 240 2499 ut
247 2464 413 2501 Pindarus
427 2466 582 2514 loquitur
593 2489 603 2507 ,
613 2471 737 2513 pecunia
749 2464 794 2511 est·
844 2466 933 2501 Haec
946 2466 982 2500 in
998 2463 1113 2499 senatu
1130 2464 1226 2499 cudit
1240 2461 1377 2497 consilia
1389 2483 1400 2500 ,
1415 2461 1449 2495 in
1464 2471 1565 2495 arena
1582 2459 1710 2493 animat
1724 2457 1810 2492 rnili-
1828 2457 1956 2506 Pindar,

106 2523 196 2553 tem,
211 2512 398 2563 &gregarii
413 2526 511 2562 aeque
525 2527 565 2551 ac
579 2515 687 2551 Ducis
703 2515 877 2550 dexteram
892 2524 1087 2562 pugnacem
1102 2512 1226 2547 reddit.
1276 2510 1431 2544 Virtutes
1445 2506 1810 2560 hujus'Dominatricis

107 2561 241 2608 optime
254 2560 412 2609 expreffit
426 2563 481 2599 ille
495 2585 506 2604 ,
520 2563 578 2611 qui
593 2572 809 2599 tormentum
824 2561 986 2598 bellicum
1002 2559 1166 2608 effigiavit
1181 2582 1191 2599 ,
1213 2560 1232 2594 e
1246 2569 1317 2606 quo
1334 2558 1455 2605 ingens
1469 2566 1695 2592 nummorum
1711 2565 1813 2601 copla

106 2608 225 2643 imbris
233 2609 333 2645 instar
346 2611 381 2646 in
390 2612 510 2647 turrim
519 2611 677 2647 hostilem
687 2609 915 2658 ejaculabatur
923 2621 1004 2646 cum
1017 2608 1152 2656 adjeeo
1162 2608 1342 2643 lemmate:
1355 2607 1453 2639 Nulla
1466 2610 1511 2638 vis
1523 2614 1633 2642 contra,
1664 2601 1812 2638 Nullum

106 2657 200 2691 enim
215 2666 286 2692 tam
295 2668 419 2705 potens
426 2660 636 2708 praesidium,
653 2661 750 2707 quod
766 2670 873 2694 aureo
890 2659 962 2694 hoc
969 2658 1115 2692 admoto
1125 2657 1230 2692 ariete
1239 2654 1405 2702 prosterni
1421 2665 1494 2688 non
1508 2652 1628 2689 valeat.
1677 2653 1747 2700 Q
1761 2663 1811 2683 ne·
1826 2662 1902 2695 Am,
1917 2665 1950 2694 fn

105 2715 217 2789 {neam
223 2711 317 2760 ,ιι-φὴ
327 2713 394 2755 capi
403 2708 420 2752 (
427 2710 531 2744 verba
537 2707 683 2756 Antonij
692 2706 844 2743 Meliffaei
858 2706 892 2743 su
896 2716 934 2742 nt
940 2707 956 2751 )
963 2704 1056 2752 facise
1067 2717 1105 2740 ex
1107 2715 1275 2753 pugnantur
1283 2715 1356 2738 auro
1364 2725 1375 2744 ,
1382 2702 1456 2736 nihil
1462 2699 1677 2750 nonfhlyicnur
1684 2709 1812 2747 argento:
1826 2707 1936 2754 Meliss.

134 2762 148 2789 t
194 2763 334 2790 oratius:
1822 2755 1914 2800 firm.
1926 2767 1978 2796 34.

378 2803 532 2847 Aurum
537 2815 616 2862 per
630 2804 770 2847 medios
787 2803 848 2846 ire
852 2800 1041 2862 fittellites
1046 2834 1058 2854 ,

378 2862 425 2903 Et
434 2872 691 2920 perrumpere
703 2871 811 2905 amat
814 2862 938 2920 saxa,
945 2859 1144 2918 potentius

378 2919 459 2962 Ian
461 2919 666 2977 fulmineo.

107 2976 169 3014 lua
185 2975 274 3012 acies
291 2976 451 3012 omnium
460 2975 709 3024 potentissima,
724 2987 800 3024 quae
807 2987 882 3011 non
895 2985 964 3011 tam
973 2975 1076 3015 ferro,
1083 2973 1187 3023 quam
1203 2983 1287 3008 auro
1297 2972 1343 3008 est
1351 2980 1488 3007 armata.
1539 2969 1638 3005 Habe
1646 2969 1815 3019 pugillum

109 3036 252 3061 aureum
262 3046 272 3063 ,
286 3024 464 3073 &franges
473 3036 611 3060 murum
620 3025 785 3063 ferreum.
834 3020 1475 3069 Numeramilitiliberaliterstipendia,
1489 3017 1524 3052 ὅ(
1535 3018 1684 3053 dehoste
1694 3030 1815 3053 nume-

110 3073 198 3109 rabis
207 3072 377 3110 vitstorias.
426 3075 551 3120 Imperia
561 3078 649 3120 pretio
660 3071 784 3120 quolibet
796 3071 920 3117 constant
934 3070 1015 3110 bene.
1041 3072 1183 3107 Seneca.
1233 3069 1331 3105 Sic&
1343 3068 1437 3104 Dion
1446 3089 1456 3105 ,
1466 3067 1537 3101 duo
1548 3064 1612 3101 effe
1622 3066 1721 3106 dicit,
1737 3078 1812 3149 Quae
1831 3083 1936 3115 Seneca
1951 3085 1982 3116 in

107 3122 319 3170 principatus
334 3130 555 3169 comparent,
571 3121 703 3159 servent
715 3143 726 3163 ,
740 3130 887 3170 augeant
902 3133 911 3155 :
932 3121 1036 3155 milites
1049 3118 1192 3166 nempe&
1202 3122 1370 3166 pecuniam.
1419 3116 1507 3151 Non
1519 3114 1645 3151 latebat
1658 3116 1729 3150 hoc
1764 3114 1776 3125 ⁷

980 3168 1016 3205 O
1025 3179 1049 3204 0
1703 3126 1816 3210 spatii.
1829 3124 1984 3165 Thebaide.
