2054 3496
674 209 1240 281 Philosophico-Politica.
1695 232 1783 284 253

71 289 255 337 Reperitur
263 288 365 323 etiam
380 286 506 322 flavum
517 287 617 322 instar
633 288 746 335 butyri
761 289 883 328 molle,
900 290 994 336 quod
1004 290 1038 324 in
1048 291 1124 324 foro
1135 289 1310 326 Vulcanio
1319 301 1429 338 prope
1438 289 1625 336 Neapolim
1637 289 1780 325 foditur.

72 336 425 376 RelertMatthiolus,
443 336 475 370 se
490 335 573 370 illud
588 335 720 376 vidisse,
735 337 974 377 contrectasse,
988 337 1144 386 gustasse,
1158 339 1418 385 necquicquam
1429 350 1580 384 unquam
1600 339 1706 386 magis
1723 340 1780 373 ad-

71 386 277 423 strictorium
295 383 490 431 percepisse.
541 383 595 419 Est
610 383 747 431 alumen
757 386 859 420 etiarn
873 385 1038 420 mentium
1048 409 1057 425 ,
1071 388 1167 433 quod
1185 385 1222 420 fit
1231 398 1273 420 ex
1288 387 1385 421 omni
1400 397 1487 433 aqua
1500 386 1781 434 aluminola3pri-

68 447 169 471 mum
185 434 220 469 in
228 433 369 467 cortinis
378 431 493 471 consta,
509 441 584 467 tum
600 432 731 467 deinde
745 445 805 480 per
818 433 951 468 canales
968 434 1087 474 dueta,
1102 434 1292 469 concrescit
1306 435 1397 469 enirn
1413 446 1499 481 aqua
1509 434 1561 469 ilia
1577 436 1610 469 in
1629 435 1780 474 alumen,

70 484 168 530 quod
184 481 256 529 ipfis
264 481 432 516 canalium
448 480 609 515 lateribus
623 482 790 520 adhaeret,
804 482 918 517 &hoc
935 481 981 516 est
997 483 1153 522 alumen,
1169 483 1266 529 quod
1275 482 1380 530 vulgo
1397 486 1483 528 Rupss
1500 492 1633 517 vocant.
1700 484 1778 517 Sac.

68 531 251 568 clrarinum
261 540 303 564 ex
316 529 465 563 alumine
481 529 627 568 Rochae,
642 529 816 564 albumine
824 541 973 564 ovorum
983 553 993 569 ,
1006 530 1040 565 ὅ(
1051 543 1138 578 aqua
1152 532 1303 565 rosarum
1314 553 1323 569 ,
1340 529 1491 565 inmaffie
1513 531 1691 565 turbinatae
1706 532 1777 565 for-

69 592 181 619 mam,
192 577 338 613 lacchari
353 577 452 611 instar
461 575 646 625 effingitur.
698 578 784 612 Usus
802 577 959 613 aluminis
975 579 1086 613 varius
1098 577 1144 613 est
1158 579 1271 626 primo
1291 591 1378 625 aqua
1394 579 1508 618 sortis,
1525 591 1626 626 quam
1638 578 1778 627 stygiam

66 637 214 666 vocant,
229 637 270 661 ex
283 625 441 661 aluminis
450 626 613 672 portione
627 623 665 660 fit
679 638 690 669 ς
705 625 788 660 illud
804 626 896 660 enim
910 625 983 661 satis
997 628 1085 661 acria
1094 626 1294 674 corpuscula
1312 627 1511 674 suppeditat.
1561 627 1724 662 Secundo
1735 639 1777 662 ae-

67 677 113 712 ris
127 676 283 711 colorem
297 673 578 721 aquaaluminosa
587 673 749 709 conciliat
764 685 774 711 t
790 674 892 709 tertio
906 673 1030 709 librarii
1047 675 1271 710 aluminosam
1285 687 1408 722 aquam
1423 675 1589 709 adhibent
1603 697 1612 713 ,
1628 685 1666 710 ut
1680 676 1777 710 char-

68 735 102 760 ta
117 725 197 759 inde
214 723 344 757 imbuta
359 721 482 756 fortior
497 723 619 756 evadat
634 744 644 762 ,
668 732 705 756 ut
722 721 874 769 superius
886 724 1128 758 annotavimus
1142 747 1152 763 ,
1165 723 1280 771 rigore
1296 723 1382 757 illius
1403 723 1564 757 mollities
1579 724 1703 758 chartae
1719 725 1778 758 ad-

65 772 250 820 stringitur.
301 769 509 805 Auriticibus
524 781 667 817 quoque
683 770 754 804 uiui
770 770 833 810 est,
853 782 934 806 cum
953 782 995 806 ex
1010 772 1168 806 aluminis
1179 772 1342 818 portione
1360 771 1413 806 illa
1421 783 1507 818 aqua
1521 772 1618 805 tortis
1633 771 1777 806 destille-

65 830 139 860 tur,
155 831 258 867 quam
273 817 488 865 separationis
502 828 640 854 vocant.
691 819 850 866 Denique
864 818 947 854 lanis
957 820 1129 867 tingendis
1145 819 1199 855 vel
1215 818 1406 855 inficiendis
1421 819 1560 854 alumen
1572 819 1686 858 servit,
1698 821 1776 867 quia

64 867 267 915 corpuscula
281 867 368 902 illius
383 876 524 902 texturae
539 865 640 902 facile
649 867 841 908 adhaerent,
850 867 1036 915 secumque
1052 869 1211 904 colorum
1227 868 1404 916 pigmenta
1419 869 1572 903 tenacius
1589 868 1776 915 implicant,

64 917 102 954 ὅ(
116 915 271 967 affigunt.
475 928 477 930 ·

164 962 352 1001 Conclusio
370 962 526 1000 secunda.
576 962 717 997 Nitrum
736 964 900 1010 (quodin
915 963 1226 1011 quaestionepriore
1236 963 1481 1009 definivimus)
1500 963 1553 998 seu
1565 963 1774 1005 lalinitrium,

63 1013 274 1051 halinitrium
291 1010 345 1046 seu
363 1010 403 1045 sal
418 1021 520 1058 petrae
534 1034 545 1050 ,
559 1011 634 1045 haec
650 1012 742 1045 enim
759 1024 821 1058 pro
837 1013 963 1047 eodem
979 1013 1214 1048 communiter
1227 1013 1443 1059 accipiuntur
1458 1034 1468 1050 ,
1484 1011 1574 1046 aliud
1591 1010 1701 1046 sollile
1715 1036 1725 1052 ,
1741 1026 1773 1047 a-

61 1062 136 1098 liud
147 1061 332 1096 factitium:
348 1059 431 1093 illud
448 1060 605 1094 educitur
614 1071 655 1093 ex
671 1060 796 1094 fodinis
811 1060 865 1096 vel
881 1061 1063 1095 efflorescit
1079 1061 1112 1095 in
1130 1061 1196 1108 ipsa
1213 1060 1389 1109 superi-{cie
1405 1071 1518 1099 terrae,
1529 1059 1580 1095 vel
1596 1061 1773 1106 aquae,vel

8 1115 9 1119 ’
61 1110 252 1147 adnascitur
263 1107 483 1143 subterraneis
496 1108 639 1142 cameris
649 1107 702 1142 seu
712 1108 896 1144 fornicibus
905 1110 946 1143 ad
958 1109 1055 1144 instar
1065 1108 1263 1145 ostrearum.
1314 1108 1490 1144 Faetitium
1500 1119 1614 1143 autem
1626 1108 1772 1145 efficitur

63 1171 106 1195 ex
121 1170 208 1205 aqua
224 1156 364 1196 nitrosa,
381 1155 488 1203 qualis
505 1155 551 1190 est
560 1167 646 1203 aqua
661 1156 757 1195 Nili,
776 1168 850 1203 quae
865 1157 1056 1192 concrescit
1070 1158 1103 1192 in
1121 1158 1249 1192 nitrum
1267 1181 1277 1196 ,
1293 1158 1441 1192 derivata
1458 1158 1492 1191 in
1508 1157 1670 1191 nin-arias.
1722 1158 1772 1193 Fit

8 1232 9 1236 ,
61 1208 166 1243 etiam
183 1217 225 1241 ex
240 1204 356 1240 lixivio
370 1204 492 1240 cineris
508 1204 680 1250 quercini,
694 1204 747 1239 vel
764 1215 860 1240 terrae
883 1205 1016 1240 nitrolac
1030 1228 1040 1245 ,
1055 1205 1109 1241 vel
1124 1205 1195 1240 fimi
1209 1229 1218 1245 ,
1243 1205 1294 1240 vel
1319 1217 1414 1240 terrae
1436 1204 1547 1239 multo
1567 1204 1716 1240 stercore
1736 1206 1773 1242 ὅ(

8 1285 10 1291 ,
55 1255 169 1292 multa
184 1254 280 1289 urina
293 1252 445 1288 submitte.
496 1252 611 1287 Multo
626 1253 707 1301 igne
716 1253 863 1293 constat,
880 1254 956 1301 quia
965 1254 1064 1289 facile
1079 1255 1297 1294 accenditur,
1309 1256 1402 1288 unde
1410 1254 1520 1301 pulvis
1528 1254 1772 1289 tormentarius

60 1316 104 1341 ex
116 1305 209 1339 nitro
225 1301 418 1338 conficitur.
469 1300 620 1335 Includit
633 1310 750 1336 tamen
764 1301 891 1349 aliquid
906 1302 1081 1341 humoris,
1098 1314 1168 1349 quo
1179 1302 1232 1343 fit,
1253 1313 1289 1337 ut
1303 1302 1401 1337 facile
1416 1302 1555 1337 abeatin
1568 1300 1675 1339 flatus.
1725 1305 1771 1338 A-

9 1391 11 1394 ,
58 1352 207 1401 sper-sum
217 1351 320 1385 etiam
336 1360 437 1385 aceto
448 1349 582 1388 ebullit,
595 1349 752 1397 analogia
766 1350 811 1384 est
827 1351 861 1385 in
877 1350 981 1386 calce.
1031 1351 1216 1396 Singularis
1230 1350 1317 1385 illius
1333 1351 1520 1398 proprietas
1537 1350 1582 1384 cll
1597 1351 1771 1386 summum

56 1402 165 1449 frigus
181 1398 368 1434 conciliare
377 1398 459 1432 vino
467 1397 521 1432 vel
532 1409 626 1444 aquae
637 1410 648 1442 ς
661 1397 681 1431 fi
691 1398 783 1432 enim
792 1397 910 1447 lagena
918 1399 1024 1434 vitrea
1033 1421 1042 1439 ,
1054 1397 1151 1446 cujus
1161 1399 1290 1434 collum
1301 1399 1337 1434 lit
1346 1399 1483 1447 longius
1491 1399 1525 1434 ὗε
1536 1408 1656 1433 venter
1665 1399 1771 1446 sphae-

57 1448 259 1487 ricus‚intra
271 1446 311 1481 sal
328 1447 456 1481 nitrum
472 1446 580 1492 probe
594 1446 712 1481 tritum
726 1446 901 1486 volvatur,
918 1447 1037 1482 vinum
1057 1447 1189 1482 intense
1203 1447 1345 1495 frigent,
1361 1449 1456 1494 quod
1474 1447 1548 1481 lane
1565 1447 1690 1481 mirum
1706 1447 1769 1487 est,

57 1497 140 1535 etim
158 1495 307 1535 constat,
323 1494 407 1529 illud
426 1494 533 1529 mult&
548 1494 674 1529 virtute
693 1494 792 1541 ignea
802 1493 867 1529 esse
876 1495 1067 1542 praeditum.
1118 1496 1328 1531 Faecundum
1354 1497 1455 1531 etiam
1471 1495 1517 1529 est
1532 1517 1542 1534 ,
1560 1497 1654 1529 unde
1672 1506 1770 1531 terrae

8 1545 11 1550 ’
55 1545 191 1583 nitrofie
202 1545 276 1579 sunt
284 1543 470 1578 uberiores.
524 1543 564 1577 In
578 1542 672 1577 clivis
682 1543 901 1578 Macedoniae
910 1544 1083 1591 optimum
1094 1543 1140 1578 est
1149 1567 1159 1584 ,
1177 1543 1399 1579 Cal-astricum
1408 1554 1538 1579 vocant
1550 1566 1558 1582 ,
1569 1544 1769 1585 candidum,

7 1610 12 1642 '.
56 1595 328 1644 proximumque
338 1590 401 1626 sali.
452 1590 564 1626 Lacus
580 1590 626 1625 est
640 1590 786 1625 nitrosus
797 1591 955 1641 exiliente
964 1593 982 1626 e
992 1592 1108 1627 medio
1118 1592 1208 1627 dulci
1218 1592 1401 1630 fonticulo.
1453 1592 1553 1628 Fitibi
1565 1593 1691 1627 nitrum
1701 1593 1767 1627 cir.

8 1644 12 1659 ⁵
56 1656 97 1679 ca
107 1642 202 1678 canis
213 1651 329 1676 ortum
344 1641 490 1674 novenis
499 1640 635 1679 diebus,
648 1639 867 1687 totidemque
875 1640 991 1679 cessat,
1008 1652 1047 1675 ac
1057 1640 1187 1676 rursum
1205 1641 1382 1677 innatat&
1399 1640 1526 1676 deinde
1535 1639 1647 1677 cessat.
1701 1640 1768 1675 Illis

56 1701 175 1728 autem
191 1691 329 1729 diebus,
343 1688 466 1735 quibus
481 1687 649 1736 gignitur,
665 1687 791 1722 irruere
806 1688 1063 1728 imbres,salsrus
1078 1689 1206 1724 nitrum
1225 1690 1358 1724 faciunt
1374 1712 1384 1729 ,
1397 1688 1589 1736 Aquilones
1605 1689 1768 1729 deterius,

56 1741 136 1788 quia
145 1739 288 1773 validius
301 1747 530 1772 commovent
543 1735 675 1773 limum.
725 1736 864 1783 AEgypti
874 1736 932 1771 suo
943 1737 1032 1772 nitro
1042 1738 1214 1786 raphanos
1222 1737 1459 1786 aspergebant,
1468 1749 1541 1773 non
1550 1737 1691 1772 aliter-ac
1702 1748 1768 1772 nos

9 1799 11 1801 ’
55 1789 129 1826 lale.
141 1787 358 1823 Macedones
368 1785 493 1831 aliquid
505 1784 730 1819 deCalastraeo
739 1787 781 1819 ad
792 1785 933 1820 farinam
944 1786 1169 1825 addunt,cum
1179 1796 1313 1825 eum,ut
1322 1787 1444 1822 iaciant
1454 1785 1765 1834 panem,li1bigunt.

153 1834 345 1871 Conclulio
360 1834 467 1868 tertia.
518 1832 678 1868 Bitumen
693 1832 739 1867 est
749 1832 991 1873 succusterrae,
1005 1833 1257 1874 lentu5,tenax,
1268 1835 1333 1882 pici
1344 1834 1766 1882 liinilis,facillirneignem

55 1885 272 1932 concipiens,
323 1881 496 1917 Estdurum
508 1880 715 1927 &lz‘qu122'nm0
769 1883 904 1916 Durum
915 1905 925 1921 ,
940 1883 1035 1929 quod
1051 1883 1173 1917 fortius
1183 1893 1387 1918 concretum
1406 1882 1441 1918 ὅ(
1458 1893 1561 1917 tenax
1576 1882 1622 1916 est
1637 1905 1646 1922 ,
1666 1882 1768 1917 instar

10 1951 31 1971 κ
54 1944 173 1971 terrear
183 1932 288 1979 alebae
298 1931 333 1967 n&
350 1932 532 1966 car-borum
548 1939 696 1976 apparet.
761 1928 876 1976 Hujus
897 1930 1033 1979 generis
1050 1930 1125 1966 sunt
1140 1931 1312 1978 Asphalms,
1328 1931 1539 1978 Pfffifsplmlms,
1555 1932 1766 1974 &stamnum

9 2009 12 2014 .
55 1976 237 2030 Asplialtus
256 1979 304 2015 est
318 1980 473 2014 bitumen
484 1978 670 2025 nigricans,
684 1977 751 2024 pici
767 1977 870 2013 limile
882 2001 892 2018 ,
912 1979 968 2023 sed
983 1979 1099 2013 durius
1115 1979 1151 2016 <Sc
1166 1980 1274 2027 magis
1291 1979 1496 2027 inspiffitum
1511 2002 1520 2018 ,
1541 1979 1765 2025 splendidius,

8 2059 10 2062 .
55 2032 93 2068 ὅ(
108 2031 222 2066 minus
237 2028 325 2063 male
340 2027 447 2063 olens.
497 2030 612 2073 Atque
627 2026 701 2061 haec
713 2026 879 2074 speciesin
889 2037 961 2062 tota
970 2027 1174 2073 Babylonica
1184 2025 1345 2076 Re'gione
1360 2028 1520 2067 nascitur,
1530 2028 1564 2063 ὅ(
1576 2028 1608 2062 in
1618 2027 1691 2062 lacu
1701 2031 1765 2063 As-

10 2113 11 2116 ,
54 2078 216 2129 phaltite,
229 2077 399 2112 referente
409 2074 517 2110 Plinio
527 2075 546 2109 l.
557 2085 596 2120 35.
606 2086 637 2112 c.
647 2086 683 2117 ις.
733 2075 915 2110 Tenacitas
926 2075 1012 2110 illius
1023 2075 1153 2112 dissolvi
1163 2077 1288 2113 dicitur
1298 2077 1461 2125 sanguine
1471 2076 1656 2115 menstruo,
1665 2077 1763 2123 quod

10 2123 11 2127 ¹
55 2128 78 2164 fi
93 2139 214 2163 verum
230 2125 377 2165 lit,ratio
390 2125 431 2159 ab
443 2123 632 2159 acrimonia
642 2123 675 2159 ὅ(
685 2124 911 2159 mordacitate
920 2123 1251 2173 semicorruptisucti
1263 2127 1413 2172 petenda
1428 2124 1485 2161 est.
1524 2123 1764 2172 Piliasphaltus

11 2177 13 2181 ’
54 2176 103 2213 est
113 2176 269 2211 bitumen
285 2172 549 2221 quodammodo
566 2171 737 2220 nigricans
747 2172 853 2220 magis
862 2181 1005 2207 terrenae
1020 2173 1266 2209 concretionis.
1316 2177 1476 2207 Snccz’num
1496 2172 1542 2207 est
1557 2173 1711 2207 bitumen
1728 2173 1764 2208 ὅ(

54 2224 194 2274 pinguis
208 2232 305 2257 terrae
321 2221 439 2256 succus
447 2243 457 2260 ,
473 2218 570 2265 cujus
580 2220 727 2254 maxima
736 2232 810 2268 pars
821 2221 995 2256 invenitur
1005 2222 1038 2255 in
1048 2219 1175 2257 Pruffia
1185 2225 1226 2256 ad
1238 2221 1330 2256 littus
1341 2222 1441 2257 maris
1450 2221 1591 2256 Balthici
1601 2244 1610 2260 ,
1631 2221 1765 2257 deloco

13 2278 14 2281 ’
47 2273 198 2321 ejusque
206 2271 332 2306 virtute
340 2269 440 2304 fufius
449 2269 483 2303 in
491 2267 690 2316 Qaestione
700 2268 851 2315 sequenti
861 2268 1069 2304 disseremus.

11 2316 14 2326 ³
151 2319 313 2366 Liquidum
327 2318 482 2353 bitumen
498 2318 561 2357 est,
571 2316 667 2363 quod
682 2317 862 2353 utoleosus
876 2317 990 2365 liquor
1005 2317 1148 2363 diffluit3
1167 2315 1265 2365 cujus
1281 2317 1407 2366 species
1425 2316 1672 2364 praestantiores
1687 2317 1762 2353 sunt

52 2368 238 2417 Naphtlm&
250 2363 521 2403 AmbraArabica.
570 2365 736 2412 Naphtha
751 2365 796 2400 est
806 2366 961 2401 bitumen
972 2366 1140 2413 liquidum
1150 2366 1376 2406 oleilentore,
1399 2366 1434 2402 Sc
1450 2363 1612 2405 craffitie,
1629 2376 1761 2403 tantam

13 2424 15 2442 ³
54 2416 124 2454 vim
135 2418 223 2464 ignis
239 2415 387 2453 habens,
401 2414 542 2461 utignes
551 2425 593 2449 ex
607 2411 800 2462 longinquo
810 2414 853 2449 ad
864 2414 894 2449 se
903 2415 1028 2453 trabat,
1038 2415 1073 2451 ὅ(
1089 2413 1340 2456 inflammetur,
1355 2426 1421 2452 nec
1434 2415 1475 2449 ab
1486 2426 1572 2461 aqua
1587 2414 1693 2450 insula
1707 2426 1757 2449 re-

13 2473 15 2483 “’
52 2463 177 2515 stingui
191 2461 294 2512 poffit
306 2472 446 2511 propter
461 2463 698 2502 tenacitatem,
714 2474 788 2510 quae
803 2463 843 2497 ab
859 2473 945 2510 aqua
963 2462 1066 2511 subigi
1082 2475 1155 2498 non
1170 2464 1281 2511 potest
1295 2473 1305 2509 ;
1321 2464 1393 2499 imo
1401 2464 1441 2498 ab
1452 2474 1494 2497 eo
1505 2464 1611 2511 magis
1622 2474 1682 2509 per
1697 2475 1758 2498 an-

52 2513 248 2564 tiperistasrn
261 2511 473 2549 accenditur.
530 2511 624 2546 Hinc
638 2520 798 2557 tempore
807 2510 922 2557 pluvio
939 2509 1153 2547 bituminosae
1164 2522 1260 2547 terrae
1277 2511 1426 2547 accensae
1443 2512 1551 2559 magis
1567 2514 1698 2549 ardent.
1731 2511 1758 2545 E

54 2564 159 2613 petris
173 2560 285 2597 fluens
294 2560 418 2596 dicitur
427 2559 696 2607 petroleum,quali
706 2560 796 2594 dicas
804 2559 1058 2606 Naphthapetraea.
1109 2561 1204 2598 Dixi,
1214 2562 1310 2608 quod
1320 2562 1362 2596 ad
1378 2558 1411 2595 se
1419 2560 1546 2599 trahat,
1557 2560 1591 2594 id
1607 2559 1669 2599 est,
1683 2571 1758 2595 non

12 2607 16 2636 ἶ
51 2612 152 2661 quod
165 2611 301 2649 revera,
314 2609 441 2648 trahat,
455 2608 509 2644 sed
519 2608 615 2656 quod
624 2606 789 2643 viscosum
805 2608 967 2647 halitum,
981 2608 1156 2644 insensibili
1173 2608 1313 2644 effiuvio
1328 2608 1477 2647 emittat,
1494 2608 1552 2655 qui
1567 2607 1757 2644 tacilecon-

15 2674 17 2681 ’
53 2661 138 2708 cipit
150 2661 267 2708 ignem
276 2658 339 2698 ,ita
352 2667 391 2692 ut
405 2656 573 2692 continua
588 2656 800 2694 accenfione,
810 2666 847 2691 ut
856 2656 893 2691 fit
903 2657 935 2691 in
945 2656 1092 2703 pulveris
1099 2656 1220 2697 tra&u,
1231 2658 1316 2704 ignis
1327 2657 1427 2692 etiam
1437 2658 1478 2690 ad
1489 2657 1676 2703 naphthan]
1686 2667 1762 2704 per-

12 2712 16 2740 ?
52 2710 180 2745 veniat.
231 2707 359 2742 Ambra
375 2705 422 2740 est
437 2706 595 2740 bitumen
612 2702 911 2753 fragrantiliimum
925 2728 935 2744 ,
952 2715 989 2739 ut
1003 2717 1082 2740 cum
1106 2704 1343 2753 pretioiiiiimis
1359 2706 1557 2739 conseratur
1578 2705 1762 2740 mercibus.

14 2761 16 2796 ἶ
43 2759 104 2794 -Ex
125 2768 214 2793 terra
228 2754 417 2790 submarina
437 2754 735 2803 firngoruminllar
748 2754 835 2789 nasci
852 2754 991 2800 quidam
1008 2754 1199 2788 existimant
1214 2767 1225 2798 3
1239 2753 1398 2788 nonnulli
1418 2753 1687 2800 pilcemAsclum
1699 2764 1761 2787 no-

14 2808 17 2832 ἒ
52 2807 167 2844 mine,
181 2800 367 2839 avidisiime
381 2814 458 2837 eam
472 2801 631 2850 prosequi
645 2802 808 2842 scribunt,
825 2800 968 2849 ejusque
984 2801 1039 2837 esu
1051 2814 1172 2838 necem
1186 2802 1242 2837 libi
1252 2800 1476 2841 consciscere,
1493 2803 1588 2847 quod
1605 2813 1685 2836 cum
1703 2800 1761 2836 sci-

14 2849 17 2865 s
51 2864 112 2890 ant
125 2852 323 2901 piscatores,
338 2851 478 2886 funibus
488 2850 722 2890 constri&um,
734 2860 932 2885 exenterare
940 2860 1119 2885 mortuum
1128 2849 1252 2885 solent:
1263 2849 1436 2887 Matthiol,
1446 2849 1480 2883 in
1490 2849 1644 2884 Dioscor.
1654 2849 1674 2888 1,
1685 2861 1705 2887 r.
1714 2851 1760 2883 A-

15 2907 17 2921 ³
52 2903 88 2939 lii
100 2911 222 2950 putant
239 2909 502 2936 excrementum
512 2898 578 2934 else
595 2900 736 2947 piscium
747 2898 940 2946 aliquorum
951 2921 960 2937 ,
976 2898 1169 2947 analogiam
1185 2899 1291 2933 danta
1301 2898 1419 2933 musco
1430 2897 1464 2933 ὅ(
1474 2898 1543 2932 aliis
1553 2899 1761 2932 odoramen-

12 2952 18 2988 }
52 2951 107 2991 tis,
117 2961 193 2998 quae
201 2960 242 2984 ex
251 2948 455 2995 quibusdam
466 2947 667 2983 animalibus
677 2950 874 2983 educuntur
882 2970 892 2986 ,
901 2959 930 2981 v.
941 2960 974 2994 g.
982 2946 1145 2986 Castoris,
1154 2946 1272 2981 Martis
1281 2946 1349 2982 &c.
1358 2946 1471 2983 verior
1481 2946 1642 2981 sententia
1652 2945 1760 2980 existi-

17 3036 18 3041 ,
51 3008 183 3038 matur,
197 3008 272 3045 quae
285 2997 406 3036 docet,
420 2997 515 3044 quod
524 2997 640 3031 ambra
648 2994 775 3030 defluat
784 2995 988 3030 defontibus
999 2995 1032 3030 in
1047 3006 1157 3034 mare,
1172 2995 1287 3041 ibique
1298 2995 1489 3030 induratam
1499 2992 1575 3040 ejici
1586 2995 1619 3028 in
1637 2993 1761 3031 littora.

15 3048 18 3071 ³
51 3046 280 3094 Emplastrum
291 3056 333 3080 ex
346 3045 462 3080 ambra
472 3044 618 3080 calvis&
635 3043 904 3079 imbecillitatem
914 3055 955 3077 ex
966 3043 1092 3090 frigore
1100 3055 1138 3078 ca
1166 3043 1218 3077 itis
1229 3043 1450 3078 sentientibus
1459 3043 1688 3077 commodum
1702 3041 1761 3076 est.

18 3116 20 3143 32
51 3097 176 3139 Cordi,
191 3094 251 3134 nifi
259 3093 405 3145 astigida
414 3092 510 3131 causa
518 3102 703 3143 occupato,
712 3103 841 3128 nocere
853 3090 983 3174 ροῑείῗξ
999 3091 1122 3127 scilicet
1142 3090 1290 3139 rspiritus
1301 3090 1507 3129 incalescunt
1521 3113 1531 3131 ,
1545 3091 1582 3126 ὅ(
1597 3090 1682 3136 iusto
1692 3102 1763 3143 ma—

975 3150 984 3174 ι
1000 3150 1014 3186 3
1712 3148 1764 3186 gis
