2054 3496
260 193 357 254 178
932 180 1298 255 Meteorologia

262 262 344 301 luna
354 274 437 299 vero
447 261 668 298 decrescente
684 273 725 297 ex
734 260 872 298 dese&u
887 263 1045 298 humoris
1055 263 1298 298 detumescunt
1309 285 1319 303 ,
1333 273 1436 311 atque
1453 261 1666 301 decrescunt.
1693 263 1750 300 Sic
1765 272 1908 312 quoque
1924 264 1994 299 ob-·

262 314 429 348 servatum
444 312 525 346 luna
534 312 709 346 crelcente
719 312 770 345 vel
782 313 1002 347 decreicente
1011 311 1178 347 medullas
1193 312 1228 346 in
1239 308 1366 347 ollibus
1375 312 1573 348 animalium
1582 335 1592 352 ,
1610 314 1645 348 in
1653 313 1728 348 ovis
1738 313 1913 354 albumen,
1922 323 1986 347 cae-

260 373 402 408 temque
412 361 444 394 id
454 371 564 407 genus
578 359 728 394 crescere
738 370 795 394 aut
804 362 1014 398 decrelcere,

362 410 602 443 confirmatur
619 411 783 445 recondo.
834 409 1080 456 Experimento
1100 408 1190 444 faeto
1206 408 1224 443 ἐι
1241 407 1278 443 Ρ.
1294 408 1477 443 Kirchero.
1528 409 1598 445 Hic
1613 409 1741 457 pelvim
1759 421 1847 457 aqua
1862 407 1988 443 nitrosa

259 457 407 505 repleta,
420 458 454 492 ὅ(
467 457 529 491 {iile
539 458 720 491 communi
730 459 835 491 mixta
846 456 962 491 serena
972 456 1076 492 no&e
1086 458 1186 492 radiis
1196 457 1370 492 lunaribus
1385 457 1642 505 exposuit,quoe
1657 457 1767 493 statim
1784 459 1919 492 fervere
1934 457 1985 491 in-

260 508 370 550 cepit,
387 506 516 540 &tunc
524 504 578 540 vel
595 506 762 544 maxime,
778 507 862 540 dum
879 504 960 540 luna
975 506 1010 540 in
1027 505 1219 552 plenilunio
1228 505 1424 540 versaretur.
1479 507 1575 541 Idem
1592 506 1870 554 experimentum
1894 504 1987 553 cepit

261 556 295 590 in
312 555 380 602 lupi
392 555 512 588 marini
523 552 577 588 seu
587 554 708 601 phocae
719 554 835 592 corio,
852 555 948 601 quod
962 553 1051 588 lunoe
1068 554 1169 589 radiis
1179 555 1370 601 expolitum
1381 554 1468 602 pilos
1476 557 1517 589 ad
1528 552 1600 601 ejus
1610 555 1866 590 incrementum
1877 553 1986 601 erige-

261 605 335 642 bat,
346 603 381 638 ὅ(
392 604 434 637 ad
451 605 717 637 decrementum
730 602 943 637 demittebat.
965 602 1059 637 Cum
1069 614 1153 651 ergo
1170 603 1416 650 intercorpora
1427 603 1729 651 humidaprimum
1742 603 1861 638 locum
1870 609 1988 636 teneat

259 664 373 695 mare3
390 650 523 685 neceffe
538 650 584 685 est
599 662 758 698 quoque,
776 651 893 685 lunam
907 650 962 699 ipli
974 651 1062 686 inter
1070 651 1698 699 coeteradominari,dcconsequenter
1713 651 1839 686 mirum
1857 662 1931 686 non
1940 648 1987 685 es·

261 701 294 735 se
303 723 313 740 ,
325 700 345 734 ii
354 699 467 735 caulet
480 700 514 733 in
524 700 607 734 mari
618 698 917 734 intumescentiam
928 711 966 734 ac
976 699 1283 734 intumescentium
1293 710 1507 746 cooperante
1515 701 1605 737 Sole.

358 748 423 782 His
433 747 546 795 politis
561 746 744 782 difficultas
753 747 799 782 est
816 748 1001 795 explicare,
1024 760 1091 795 qua
1106 749 1234 783 virtute
1248 748 1283 783 ὅ(
1299 760 1369 795 quo
1379 748 1480 796 padio
1490 748 1570 783 luna
1579 748 1692 784 causet
1701 747 1854 783 marinos
1869 746 1966 782 aestus
1979 758 1995 792 3⁴

258 798 408 832 modum
420 798 531 835 bunc,
548 798 646 843 quod
663 797 696 831 id
707 796 788 831 luna
798 794 1017 835 efficianeise
1033 797 1133 831 nobis
1142 797 1277 844 prorsus
1288 797 1570 845 incognitum,&
1584 798 1844 844 incompertum
1862 796 1990 831 fatetur

259 844 298 882 P.
310 847 470 884 Rhodes,
481 846 682 879 necbabere
695 856 872 891 quemque
883 845 974 879 aliud
984 868 993 885 ,
1004 846 1100 892 quod
1110 854 1274 892 reponat,
1285 845 1342 880 nili
1361 845 1552 881 exclamare
1561 857 1642 881 cum
1653 844 1777 880 Eccless
1790 857 1828 880 11.
1838 857 1870 880 v.
1880 855 1915 890 4.
1924 844 1989 878 mi-

258 894 373 929 rabilia
384 905 487 940 opera
496 890 642 928 altiffimi
659 891 778 933 solius,
794 892 1044 941 &gloriol{2,&
1059 893 1235 933 absconsa,
1246 893 1281 929 ὅ(
1293 894 1394 928 inviia
1412 905 1517 941 opera
1535 893 1634 929 illius.
1687 893 1785 939 Quid
1800 903 1919 929 tamen
1935 891 1989 928 alii

260 943 377 977 dicant
386 964 395 981 ,
413 942 447 977 ὃ(
458 953 533 988 quae
552 942 672 988 opinio
684 943 836 976 tenenda
845 943 993 977 breviter
1003 953 1062 990 per
1071 941 1251 989 sequentes
1261 942 1516 977 Conclufioncs
1529 943 1719 990 expediam,
1738 942 1843 977 Unde
1854 941 1891 976 [it

357 990 546 1026 Conclulio
563 989 721 1027 secunda.
773 988 873 1025 Luna
883 1002 956 1025 non
967 990 1079 1025 causat
1094 989 1225 1025 fluxum
1243 990 1279 1025 δε
1293 990 1464 1025 refluxum
1480 1003 1541 1038 per
1551 989 1888 1026 calorem&lumen.
1903 988 1988 1024 Pro-

258 1039 359 1074 batur
368 1061 377 1077 ,
394 1039 472 1086 quia
481 1039 564 1073 dum
582 1038 674 1073 estin
684 1051 728 1086 pu
735 1038 815 1073 neto
831 1039 954 1074 mediae
970 1038 1080 1073 noetis
1088 1062 1098 1077 ,
1107 1050 1192 1074 tunc
1202 1040 1314 1074 causat
1323 1052 1483 1087 magnam
1494 1038 1791 1074 intumescentiam
1801 1061 1811 1079 ,
1822 1038 1857 1074 ὅ(
1866 1048 1987 1073 tamen

260 1099 385 1135 aquam
403 1099 518 1133 neque
531 1086 704 1126 calefacit,
723 1099 838 1135 neque
851 1087 1031 1125 illuminat.
1081 1090 1265 1126 Secundo,
1281 1088 1401 1134 quiain
1418 1088 1624 1127 interlunio,
1641 1099 1712 1134 quo
1729 1097 1890 1134 tempore
1905 1086 1989 1121 luna.

260 1136 321 1170 {uo
337 1135 471 1170 lumine
485 1135 695 1180 destituitur3
709 1136 744 1171 ὃ(
761 1137 902 1183 quando
919 1136 954 1170 in
963 1136 1029 1170 alio
1039 1135 1358 1184 esthemispbaerio,
1373 1137 1457 1183 quin
1474 1136 1573 1171 nobis
1593 1135 1784 1176 colluceat,
1797 1145 1856 1170 aut
1864 1134 1985 1175 calefa-

260 1185 329 1219 ciat
340 1207 350 1225 2
369 1195 442 1218 non
455 1183 582 1219 celsant
591 1187 682 1231 apud
692 1184 1013 1219 nosmaximiaessus
1024 1206 1033 1223 ,
1050 1195 1134 1232 ergo

357 1232 547 1267 Conclulio
563 1233 672 1267 tertia.
723 1230 824 1268 Luna
844 1244 958 1280 neque
980 1234 1132 1267 marinos
1148 1232 1244 1267 aestus
1261 1230 1374 1267 causat
1391 1243 1451 1280 per
1472 1242 1610 1267 motum
1626 1232 1723 1267 suum
1737 1232 1793 1267 vel
1810 1242 1988 1267 tumorem
2040 1237 2042 1279 ζ

259 1282 457 1328 quendam,
473 1290 643 1328 quatenus
656 1293 750 1316 mare
766 1283 807 1316 ab
823 1280 890 1329 ipsa
905 1281 984 1316 luna
1001 1280 1229 1329 suspenditur:
1245 1291 1371 1328 autper
1390 1281 1572 1329 impulsum
1590 1280 1674 1316 mari
1692 1280 1902 1328 impressum.
1921 1280 1987 1315 Ra-
2039 1299 2042 1318 :

259 1331 310 1365 tio
328 1330 428 1377 primi
438 1328 494 1368 est,
503 1330 582 1376 quia
597 1329 616 1364 {i
625 1329 725 1364 maris
733 1329 830 1365 aestus
839 1330 1035 1377 sequeretur
1044 1331 1087 1365 ad
1095 1339 1232 1364 motum
1248 1329 1280 1363 lu
1287 1341 1347 1369 nar,
1357 1328 1465 1364 solum
1477 1340 1678 1366 moveretur
1687 1341 1782 1364 mare
1796 1342 1814 1364 a
1822 1330 1842 1364 b
1852 1329 1989 1364 oriente

261 1378 296 1413 in
306 1379 530 1413 occidentem
537 1377 711 1425 ,nullaque
721 1379 859 1413 daretur
866 1389 963 1417 ratio,
972 1390 1034 1413 cur
1043 1390 1131 1426 aqua
1138 1379 1178 1413 ab
1188 1378 1374 1414 occidente
1386 1379 1421 1413 in
1432 1378 1604 1413 orientem
1614 1387 1844 1414 reverteretur
1860 1389 1922 1425 per
1934 1388 1990 1412 re·
2038 1410 2040 1415 Α

262 1425 528 1461 fluxumcontra
539 1426 721 1473 impetum,
732 1427 767 1462 ὅ(
779 1426 992 1462 delationem
1002 1426 1229 1463 motuslunae.
1282 1427 1383 1461 Ratio
1396 1426 1606 1466 secundiest,
1621 1436 1696 1462 tum
1712 1426 1790 1473 quia
1799 1436 1911 1461 nautae
1930 1425 1989 1460 sub

261 1476 601 1523 torridanavigautes
612 1475 682 1510 boe
695 1475 1030 1520 animadverterent3
1045 1486 1119 1510 tum
1131 1476 1211 1522 quia
1230 1486 1301 1509 non
1318 1476 1446 1511 eodem
1462 1486 1622 1522 tempore
1639 1475 1674 1509 in
1693 1484 1844 1522 utroque
1857 1474 1986 1509 hemis-
2037 1480 2038 1521 J

259 1523 391 1571 pbaerio
401 1515 497 1557 aesttss
519 1522 617 1558 fieret
629 1524 642 1562 ξ’
652 1533 726 1558 tum
736 1524 905 1571 denique,
919 1524 998 1571 quia
1012 1527 1158 1567 majores
1169 1524 1337 1558 deberent
1345 1523 1411 1559 effe
1425 1524 1521 1558 aessus
1537 1523 1595 1558 sub
1612 1534 1701 1557 zona
1715 1524 1844 1557 torrida
1854 1545 1864 1562 ,
1879 1534 1984 1569 quam

259 1571 373 1607 verius
382 1572 776 1619 Septentrionem,quod
785 1583 902 1607 tamen
913 1572 1030 1607 salsum
1042 1572 1099 1607 est.
1152 1572 1254 1606 Ratio
1266 1572 1355 1606 tertii
1366 1572 1423 1611 est,
1432 1573 1511 1619 quia
1519 1574 1661 1619 quando
1671 1571 1752 1606 luna
1760 1570 1807 1605 est
1816 1571 1851 1604 in
1859 1570 1986 1605 bemis-
2036 1584 2037 1595 ι

259 1621 392 1667 phaerio
401 1643 410 1660 ,
420 1620 474 1655 vel
485 1620 519 1654 in
528 1621 714 1656 horizonte
722 1620 893 1668 oppofflo,
902 1633 975 1655 non
984 1619 1137 1668 potestin
1147 1619 1217 1654 aliis
1226 1630 1343 1655 tamen
1352 1621 1522 1668 impetum
1534 1620 1731 1667 imprimere
1740 1641 1749 1658 2
1761 1619 1796 1654 in
1806 1619 1930 1667 quibus
1939 1627 1986 1653 ta—
2036 1626 2038 1629 “

259 1680 344 1703 men
354 1667 519 1703 sunttales
529 1668 645 1714 aestusg
661 1679 737 1704 tum
748 1669 851 1704 etiam
860 1669 939 1716 quia
949 1669 1020 1704 satis
1030 1668 1188 1717 explicari
1198 1680 1270 1703 non
1281 1668 1413 1716 potest,
1424 1670 1609 1717 quomodo
1625 1668 1722 1715 aquis
1736 1667 1910 1715 imprimat
1921 1666 1986 1702 hu-
2034 1712 2036 1716 ‚

257 1713 421 1764 jusmodi
430 1716 611 1764 impulsum
621 1740 630 1756 ,
639 1719 780 1765 quando
789 1729 883 1753 mare
892 1716 1016 1753 refluit.

360 1765 550 1801 Conclusio
560 1776 688 1813 quarta.
715 1765 814 1801 Luna
825 1766 935 1801 causat
944 1765 1242 1801 intumescentiam
1257 1766 1357 1800 maris
1367 1777 1427 1812 per
1443 1765 1643 1812 qualitatem
1653 1762 1909 1800 &influentiam
1925 1774 1986 1799 oc·
2032 1779 2036 1813 5

261 1811 404 1854 cultam,
415 1811 513 1860 cujus
522 1815 724 1863 propagatio
735 1826 807 1849 non
816 1812 1028 1861 impeditur&
1036 1811 1179 1849 craffitie
1195 1826 1234 1849 ac
1245 1814 1409 1849 dentitate
1419 1824 1525 1849 terrae.
1577 1813 1694 1847 Primo
1710 1813 1804 1848 enirn
1813 1812 1894 1847 luna
1903 1824 1985 1860 qua·
2032 1820 2034 1860 J

262 1864 343 1897 dam
355 1861 408 1897 sua
420 1861 594 1908 qualitate,
608 1862 642 1898 ὅ(
655 1863 688 1897 vi
698 1861 956 1898 occultainfluit
967 1862 1003 1897 δ(
1017 1862 1136 1897 alterat
1150 1863 1316 1897 humores
1333 1863 1367 1897 in
1382 1862 1586 1911 corporibus
1602 1861 1799 1896 animalium
1809 1861 1906 1900 ,&in
1921 1862 1983 1895 ho·
2032 1873 2034 1881 ⁸

262 1909 695 1950 mineslunaticosinfluit,
712 1923 795 1959 ergo
810 1909 1098 1947 etiamlicinfluet
1114 1910 1150 1946 ὅ(
1165 1910 1318 1946 alterabit
1332 1912 1367 1946 in
1382 1912 1466 1946 mari
1486 1910 1614 1958 lpiritus
1631 1909 1877 1957 sulphureos&
1893 1908 1986 1943 salni-
2031 1934 2033 1956 3

260 1960 364 1995 trales
373 1982 383 1999 ,
394 1959 452 2006 qui
462 1959 536 1993 sunt
544 1958 650 1994 veluti
659 1960 761 1994 maris
770 1960 937 1994 humores
946 1959 1176 2007 perordinem
1195 1961 1236 1993 ad
1246 1959 1361 1994 lunam
1375 1983 1383 1998 ,
1399 1959 1552 2007 talesque
1565 1957 1673 1997 aestus,
1683 1967 1788 2005 prout
1801 1958 1859 1993 hic
1873 1957 1988 1992 causa·
2031 1957 2033 1976 *⁴

262 2008 314 2043 bit
324 2021 332 2042 ε
342 2008 506 2042 Secundo
516 2008 679 2054 probatur
688 2008 801 2047 etiam,
811 2008 907 2055 quod
917 2008 1118 2056 propagatio
1129 2008 1201 2042 talis
1210 2008 1355 2044 occultae
1366 2007 1553 2043 influentiae
1568 2018 1641 2041 non
1650 2006 1857 2053 impediatur
1870 2005 1889 2040 a
1903 2004 1987 2041 cras-
2030 2017 2033 2047 ξ

263 2056 335 2091 sitie
343 2066 438 2091 terra:
449 2068 549 2100 3nam
559 2056 641 2091 etim
651 2055 730 2091 luna
740 2056 831 2091 estin
840 2057 970 2104 pune'to
983 2057 1105 2090 mediae
1115 2055 1244 2096 noeiis,
1254 2055 1441 2091 influentia:
1450 2056 1585 2091 lunares
1595 2055 1807 2103 proveniunt
1819 2055 1861 2088 ad
1872 2065 1967 2090 mare
1976 2073 1986 2091 π

264 2105 393 2140 etiamli
410 2104 540 2139 mediet
549 2114 623 2139 tota
631 2102 791 2140 craffities
807 2115 915 2142 terrae.
966 2105 1076 2152 Qod
1085 2106 1166 2139 vero
1176 2105 1378 2152 propagatio
1388 2104 1576 2152 aliquarum
1593 2101 1849 2138 influentiarum
1860 2103 1895 2138 ὅ(
1904 2114 1985 2151 qua·

265 2152 401 2189 litatum
413 2164 485 2187 non
496 2153 703 2200 impediatur
711 2154 728 2187 a
737 2153 900 2188 densitate
910 2152 1009 2188 ullius
1021 2153 1176 2201 corporis
1185 2155 1441 2200 probaturmam
1452 2152 1640 2199 podagrici,
1651 2151 1685 2186 ὅ(
1695 2151 1808 2199 plures
1816 2151 1869 2185 alii
1877 2162 1985 2200 aegro-
2028 2159 2032 2198 s

267 2201 294 2236 ti
309 2201 458 2236 sentiunt
467 2200 609 2236 effeetus
625 2201 837 2249 punctorum
852 2201 1021 2236 lunarium
1031 2223 1040 2240 a
1052 2212 1082 2235 e.
1091 2214 1122 2249 g.
1133 2203 1417 2249 quadraturarum
1426 2202 1528 2236 etiam
1543 2201 1624 2235 luna
1642 2209 1808 2234 manente
1823 2200 1881 2234 sub
1892 2199 1984 2234 hori·
2028 2199 2030 2239 ξ

264 2259 382 2285 zonte.
408 2250 503 2284 Sicut
513 2250 606 2285 enim
616 2251 740 2285 dantur
750 2250 906 2297 quaedam
916 2261 1062 2297 corpora
1071 2251 1174 2284 etiam
1188 2250 1287 2285 valde
1297 2251 1415 2288 densai,
1430 2261 1504 2296 quae
1516 2261 1588 2283 non
1605 2249 1799 2296 impediunt
1813 2247 1983 2283 transmis-
2027 2247 2030 2264 ³

264 2297 396 2333 fionem
406 2295 501 2336 lucis,
511 2294 565 2344 cuj
572 2298 710 2333 usmodi
723 2298 770 2333 est
779 2298 951 2345 crystallus
959 2321 969 2338 ,
980 2296 1015 2334 <Sc
1025 2299 1098 2333 haec
1107 2308 1273 2334 vocamus
1283 2299 1463 2345 diapbana,
1472 2298 1534 2332 :xlia
1542 2298 1624 2332 vero
1635 2309 1781 2344 corpora
1792 2297 1984 2344 impedien-
2026 2320 2028 2338 ÷

264 2343 721 2386 tiatransmissionemlucis,
737 2357 812 2394 quae
821 2358 988 2381 vocamus
1004 2357 1112 2394 opaca
1126 2346 1323 2393 cujusmodi
1340 2349 1414 2381 sunt
1431 2346 1558 2393 lapides
1573 2369 1582 2384 ,
1598 2355 1687 2380 terra
1701 2345 1768 2382 dcc.
1785 2346 1830 2379 ita
1845 2343 1987 2392 poffunt
2026 2391 2028 2393 Ι

265 2396 338 2429 dari
356 2406 513 2442 corpora,
523 2406 598 2442 quae
607 2393 688 2429 licet
697 2393 811 2430 lucem
822 2405 895 2430 non
905 2396 1149 2434 transmittant,
1156 2404 1259 2442 atque
1269 2397 1357 2429 adeo
1367 2395 1430 2429 tint
1438 2407 1556 2442 opaca,
1565 2395 1798 2428 transmittant
1806 2393 1982 2427 tamenin-

266 2441 427 2478 fluentias
437 2453 501 2481 ,1ta
511 2453 549 2478 ut
557 2442 712 2490 respeem
728 2443 863 2478 illarum
879 2440 1007 2491 possint
1021 2442 1326 2491 proportionaliter
1340 2444 1458 2479 vocari
1477 2443 1644 2490 diaphana
1655 2463 1665 2482 ,
1675 2442 1731 2477 sed
1746 2443 1790 2476 de
1804 2442 1876 2476 hoc
1889 2441 1987 2489 plura
2024 2460 2026 2487 ¹,

266 2490 302 2526 in
318 2491 505 2539 quaessione
521 2491 686 2538 sequenti.

367 2539 557 2575 Concluiio
570 2540 700 2586 quinta.
724 2538 825 2574 Luna
833 2539 898 2574 hac
909 2537 962 2574 sua
972 2537 1133 2587 qualitate
1143 2561 1152 2579 ,
1163 2537 1197 2575 ὅ(
1206 2537 1342 2575 occulta
1353 2536 1530 2574 influentia
1541 2550 1612 2573 non
1624 2536 1735 2574 causat
1743 2537 1844 2572 maris
1853 2535 1986 2572 fluxum

266 2587 303 2623 ὅ(
311 2584 482 2623 refluxum
491 2586 728 2623 rarefaciendo
738 2585 773 2623 ὅ(
781 2587 1029 2623 ςοηόεηίῖιηιίο
1039 2587 1125 2622 illius
1134 2600 1237 2634 aquas
1245 2611 1256 2626 ,
1272 2588 1326 2622 sed
1335 2588 1512 2623 alterando
1528 2586 1659 2622 illarum
1677 2586 1808 2634 spiritus
1817 2609 1827 2625 ,
1838 2587 1882 2621 ita
1891 2594 1930 2620 ut
1940 2584 1986 2620 al-

267 2637 383 2671 teratis
392 2635 448 2671 fiat
457 2637 556 2671 maris
565 2635 715 2671 access'us
723 2637 767 2670 ad
775 2636 880 2675 littus,
890 2635 953 2670 illis
961 2637 1044 2671 vero
1061 2635 1181 2671 sedatis
1197 2635 1254 2670 frat
1269 2635 1425 2671 receffus.
1479 2636 1577 2671 Ratio
1592 2635 1692 2683 primi
1707 2633 1770 2674 est,
1783 2635 1861 2682 quia
1869 2633 1890 2669 fi
1905 2633 1987 2668 luna

268 2685 313 2719 ita
322 2684 471 2719 causarer
480 2684 588 2724 aestuS,
598 2697 684 2732 aqua
698 2683 797 2719 fieret
810 2683 968 2723 calidior,
978 2696 1099 2719 verum
1115 2684 1186 2718 boc
1203 2684 1313 2718 multo
1330 2685 1437 2733 magis
1454 2683 1609 2719 efficeret
1617 2683 1693 2722 Sol,
1709 2695 1813 2730 quam
1826 2682 1908 2717 luna
1918 2703 1929 2722 ,
1949 2681 1985 2717 &

266 2734 522 2779 consequenter
533 2734 551 2767 a
561 2733 642 2767 Sole
652 2734 817 2768 duntaxat
825 2731 1016 2768 causaretur
1025 2731 1132 2768 aestus.
1167 2733 1305 2767 Deinde
1313 2723 1514 2779 hujusmodi
1527 2731 1662 2767 rare-iau
1670 2733 1703 2766 io
1714 2732 1781 2766 line
1790 2731 1897 2766 dubio
1912 2731 1983 2765 (en-
2020 2740 2024 2767 ,ί

264 2782 385 2815 tiretur
393 2803 402 2820 ‚
412 2781 699 2828 videreturquein
709 2781 868 2830 navigiis,
878 2792 953 2828 quae
963 2782 1138 2816 attenuata
1145 2782 1232 2828 aqust
1240 2781 1339 2815 maris
1355 2780 1552 2828 pei-fluxum
1566 2790 1805 2828 mergerentur
1812 2778 1919 2826 magis
1927 2801 1937 2818 ,
1946 2777 1982 2813 <Sc

265 2829 378 2865 rursus
394 2830 670 2877 condensat-„iper
680 2830 846 2865 effluxum
856 2839 1087 2877 emergerent3
1096 2831 1192 2876 quod
1201 2839 1317 2863 tamen
1330 2828 1447 2864 nullibi
1458 2831 1664 2864 observatur.
1716 2828 1878 2866 Accedit,
1887 2825 1984 2879 quod

265 2878 351 2912 hinc
365 2876 577 2924 sequeretur,
587 2890 710 2925 aquam
721 2878 836 2913 minus
845 2887 1012 2926 gravitate
1026 2878 1061 2911 in
1078 2878 1182 2912 maris
1198 2876 1341 2917 accessu,
1351 2888 1471 2924 utpote
1481 2877 1771 2923 rarcissr‘e'sa,quam
1788 2876 1822 2910 in
1834 2875 1983 2914 recessu‚
2016 2915 2019 2920 Α

261 2935 387 2972 utpote
396 2926 713 2972 condeniata,quod
724 2926 834 2961 rursus
843 2936 963 2961 contra
973 2925 1218 2972 experientiam
1229 2925 1328 2965 est,ut
1336 2925 1523 2960 ostendunt
1535 2925 1752 2960 fromondus
1763 2924 1796 2959 ὅ(
1808 2923 1982 2961 Galilaeus.
2016 2923 2019 2972 J

264 2973 366 3008 Ratio
383 2973 593 3013 lecundiest,
608 2975 704 3020 quia,
723 2985 760 3009 ut
769 2973 968 3009 docetArist
978 2973 1029 3017 l.3.
1049 2975 1092 3008 de
1100 2975 1326 3022 generatione
1339 2974 1475 3010 animal:
1492 2987 1564 3021 cap.
1575 2974 1635 3008 ult.
1644 2984 1737 3008 mare
1749 2971 1920 3020 repletum
1936 2971 1982 3006 est
2016 2977 2019 3021 {

264 3021 431 3068 spiritibus
442 3022 644 3070 sulphureis,
654 3021 687 3057 ἃ
700 3022 919 3057 [alnitralibus
930 3022 1018 3069 quali
1036 3023 1241 3057 humoribus
1251 3045 1260 3061 ,
1271 3033 1354 3068 ergo
1370 3022 1431 3056 illis
1447 3022 1593 3056 alteratis
1607 3033 1668 3069 per
1683 3023 1772 3056 hanc
1782 3020 1982 3067 qualitatem

264 3069 440 3105 occultam
452 3071 486 3106 ὃ(
496 3071 584 3118 quali
595 3072 828 3119 magnetmm
838 3071 926 3106 lunae
937 3069 1128 3105 fiuntaestus
1137 3093 1155 3115 ,ι
1163 3060 1398 3105 licutnlteratis
1409 3071 1614 3106 humoribus
1624 3069 1660 3105 fit
1675 3069 1776 3106 febris
1790 3070 1825 3105 in
1833 3069 1980 3117 aegrotis.
2015 3090 2019 3103 .

1878 3164 1978 3205 Con-

2013 3122 2017 3164 i

2053 3161 2054 3176 l

2013 3178 2016 3194 ,
2053 3178 2054 3184 i

2013 3201 2015 3210 ι

2011 3247 2014 3307 i
