2054 3496
623 165 1194 237 Philosophico-Politica.
1705 181 1797 238 175

7 258 8 261 ¹
62 255 100 282 ra
109 245 263 295 Angliae‚
276 244 458 285 Flandriae,
476 243 693 286 Hollandiae,
708 245 844 286 Galliae,
860 245 1032 291 Hispaniae
1044 267 1055 285 ,
1072 244 1252 280 Lusitaniae
1265 266 1277 284 ,
1291 244 1418 291 Africae
1433 267 1444 285 ,
1461 255 1537 293 quae
1558 243 1674 280 littora
1692 247 1794 293 respi-

6 304 8 334 3
63 293 160 330 ciunt
173 294 396 329 occidentem
409 316 420 334 ,
438 293 487 328 est
499 294 672 329 maximus
690 293 805 333 aestuS,
819 294 863 330 ita
875 294 958 328 utin
970 293 1141 328 littoribus
1155 292 1289 340 Angliae
1298 294 1432 328 dicatur
1444 306 1531 341 aqua
1541 293 1720 342 exsurgere
1729 306 1792 342 per

6 347 8 382 ζ
61 341 242 389 ofi‘toginta
249 343 397 378 cubitos.
448 342 488 376 In
499 342 672 377 littoribus
681 341 845 389 oppositis
855 341 1115 389 respicientibus
1127 341 1300 376 orientem
1315 342 1406 377 circa
1417 342 1594 378 Mexicum
1606 343 1639 377 ὅ(
1652 343 1792 378 Cubam

6 389 8 409 ³
60 388 207 426 Insulam
226 391 283 425 vix
310 390 357 425 est
380 389 537 425 sensibilis
559 389 658 425 aestus
682 390 717 425 ὅ(
737 389 1013 425 intumescentia.
1064 390 1104 424 ln
1119 390 1270 425 Oceano
1285 389 1430 436 pacifico
1445 391 1542 425 aestus
1562 389 1609 425 est
1625 392 1670 425 ita
1683 392 1791 426 vehe-

6 439 8 441 ’
58 449 179 479 mens,
198 448 237 473 ut
251 439 286 473 in
295 439 441 475 Peruvia
455 450 544 485 aqua
558 439 800 487 progrediatur
815 439 851 473 in
866 439 1113 473 continentem
1130 450 1191 485 per
1207 438 1292 472 duas
1308 438 1435 475 leucas.
1486 439 1525 473 ln
1540 439 1689 474 Oceano
1700 440 1791 474 Indi-

6 486 9 516 ἶ
59 497 104 523 co
120 485 232 522 fluxus
244 486 291 521 est
303 488 347 522 ita
355 497 568 535 magnus,ut
584 487 742 522 inlittore
751 485 944 533 Cambajae,
959 498 1035 533 quae
1045 486 1299 521 estiniaucibus
1316 487 1393 521 Iudi
1409 485 1577 526 fluminis,
1594 499 1687 522 mare
1703 488 1791 523 binis

6 550 9 573 ι
57 535 153 571 horis
164 535 301 583 triginta
312 534 570 571 circiterleucas
588 537 742 584 obtegat.
795 536 900 570 Unde
908 536 1071 570 homines
1083 546 1123 569 ea
1131 536 1335 582 pernicitate
1350 535 1434 583 ssepe
1453 536 1556 570 undis
1571 539 1787 577 obruuntur,

60 582 97 618 ὅ(
114 579 304 619 neceffeest
312 583 459 628 cymbali
476 582 589 619 sonitu
598 595 814 630 praemonere
824 584 1004 623 viciniam,
1015 594 1052 618 ut
1061 584 1225 618 veniente
1240 584 1340 623 mari,
1355 585 1503 631 quisque
1520 584 1554 618 in
1571 593 1732 631 tempore
1750 584 1789 619 fi-

6 649 9 664 ι
57 631 92 666 bi
108 631 274 668 consulat.
324 633 405 667 Nec
421 643 526 667 naves
534 631 722 679 poss'entibi
732 633 963 673 commorari,
981 632 1042 667 nili
1051 633 1220 667 haberent
1228 631 1366 669 lacunas
1375 633 1417 667 ad
1427 643 1508 666 eum
1518 632 1614 667 usum
1629 631 1788 674 deloffas,

0 695 9 715 ,¹
56 679 228 727 inquibus
244 681 330 715 mari
344 682 495 716 abeunte
514 680 713 716 coniistunt.

153 728 343 765 Conclufio
362 729 493 776 quinta.
550 730 638 764 Non
654 729 783 764 eodem
800 728 930 776 ubique
943 728 1111 777 temporis
1128 726 1235 776 spatio
1252 727 1350 763 aestus
1365 727 1552 775 perficitur.
1603 727 1702 764 Patet
1717 729 1790 765 hoc

0 796 3 815 i
53 776 96 812 ab
112 776 328 818 indufflone,
339 789 419 813 nam
430 776 617 812 Garumnae
626 777 786 813 faucesin
797 776 914 812 littore
922 777 1135 824 Aquitanico
1147 776 1292 824 septenis
1306 777 1401 811 horis
1420 778 1506 812 subit
1515 777 1696 817 Oceanus,
1712 778 1788 824 qui-

0 839 4 864 ς
52 825 106 860 nis
126 826 263 873 refugit.
316 826 420 873 Juxta
435 824 581 861 fluvium
591 826 729 875 nigrum
739 826 773 860 in
783 825 922 861 Guinea
932 836 1028 860 mare
1036 835 1186 873 quatuor
1194 826 1290 859 horis
1299 826 1423 864 affluit,
1433 825 1571 860 ottonis
1581 824 1705 861 refluit.
1722 827 1790 861 Eu-

0 866 3 877 '
51 873 146 921 ripus
161 874 281 922 septies
290 875 347 909 die
356 873 513 922 quolibet
522 872 598 910 fluit
607 875 643 910 δε
656 873 789 914 refluit,
797 873 958 909 licethoc
966 886 984 908 a
994 873 1171 909 nonnullis
1181 882 1339 921 negetur.
1390 875 1446 909 Ad
1455 874 1531 908 indi
1541 872 1693 908 fluminis
1713 875 1787 909 fau-

53 933 111 957 ces
120 945 128 961 ,
140 932 178 957 ut
188 922 320 958 dietum
331 923 387 962 est,
398 923 432 957 in
441 922 557 958 littore
566 920 739 969 Cambajae
751 934 846 958 mare
855 923 943 957 binis
951 922 1045 957 horis
1053 922 1192 970 triginta
1207 922 1344 957 circiter
1359 921 1474 958 leucas
1489 921 1622 957 access'u
1642 924 1725 958 obte
1752 923 1788 963 it,

53 970 90 1006 ὅ(
105 971 193 1007 binis
203 971 352 1006 totidem
362 969 489 1006 recessu
500 971 643 1020 detegit.
693 970 779 1006 Aliis
790 971 826 1006 in
836 971 923 1007 locis
935 971 1138 1006 communis
1146 970 1264 1020 regula
1273 969 1337 1011 est,
1347 971 1443 1018 quod
1454 982 1550 1006 mare
1560 971 1614 1005 sex
1622 971 1717 1006 horis
1751 983 1790 1007 u-

51 1028 103 1059 at,
119 1018 245 1066 squue
253 1019 324 1055 aliis
334 1020 431 1054 horis
442 1017 575 1058 refluat.

150 1067 548 1117 Colligiturhic,aestum
559 1069 653 1103 hunc
661 1068 762 1103 maris
780 1067 951 1115 triplicem
973 1068 1101 1103 habere
1112 1067 1318 1114 periodum,
1331 1067 1509 1108 diurnam,
1523 1067 1734 1102 menstruam
1749 1067 1788 1105 ὅ(

53 1127 218 1151 annuam.
271 1117 405 1152 Diurna
412 1116 486 1152 talis
496 1116 560 1157 est,
571 1126 610 1151 ut
618 1125 804 1164 apparente
814 1115 914 1151 Luna
923 1116 1018 1164 supra
1027 1116 1251 1151 horizontem
1268 1127 1364 1151 mare
1379 1116 1520 1163 incipiat
1536 1116 1784 1158 intumescere,

50 1164 88 1200 <Sc
98 1165 278 1200 attollente
286 1165 318 1200 se
326 1165 426 1200 Luna
437 1166 540 1201 etiam
551 1176 639 1213 aqua
647 1164 842 1204 attollatur,
859 1165 976 1200 donec
995 1166 1070 1200 haec
1083 1165 1262 1211 perveniat
1277 1166 1320 1199 ad
1334 1165 1568 1199 meridianum
1584 1163 1666 1199 coeli
1681 1165 1786 1200 verti-

49 1224 149 1258 cem;
164 1224 249 1249 tunc
262 1215 347 1250 vero
362 1213 442 1249 tot&
452 1215 494 1248 ad
503 1214 728 1248 horizontem
739 1214 929 1249 occiduum
945 1212 1106 1248 descenfiJ
1123 1213 1246 1248 relidet
1259 1236 1268 1252 ,
1285 1215 1328 1248 ad
1343 1224 1448 1260 quem
1467 1213 1549 1248 cum
1566 1214 1781 1260 pervenerit,

49 1261 176 1298 iterum
187 1263 384 1297 intumescit
394 1273 507 1302 mare,
520 1262 751 1309 quoadusque
760 1261 861 1296 Luna
880 1262 1049 1309 pundlum
1061 1261 1307 1297 rnediaenoffis
1324 1261 1492 1309 attigerit,
1505 1261 1549 1296 ibi
1567 1261 1660 1296 enim
1678 1263 1779 1297 detu-

5 1330 8 1355 ;
46 1310 187 1350 mescit,
205 1311 387 1359 quousque
404 1310 492 1345 fidus
506 1311 549 1345 ad
560 1320 676 1345 ortum
686 1311 717 1345 le
726 1311 912 1345 reduxerit.
966 1310 1106 1345 Deinde
1115 1322 1183 1345 una
1192 1310 1265 1345 sere
1274 1311 1360 1345 hora
1369 1310 1504 1359 fingulis
1515 1309 1637 1345 diebus
1652 1310 1782 1346 tardius

6 1368 8 1400 ζ
46 1359 270 1407 incipitaestus
280 1382 290 1399 ‚
305 1359 383 1407 quia
396 1359 496 1394 Luna
505 1360 546 1394 ab
556 1358 679 1394 occasu
691 1358 726 1393 in
737 1359 996 1407 ortumintegra
1012 1359 1196 1406 penehora
1206 1358 1343 1407 lingulis
1358 1359 1688 1396 diebusretardatur.
1715 1358 1781 1394 Pe-

47 1407 168 1443 riodus
183 1407 359 1442 menstrua
373 1407 567 1442 conlistitin
583 1407 991 1446 hoc,utintumescentia
1006 1419 1078 1442 non
1090 1406 1221 1455 semper
1237 1407 1274 1442 sit
1288 1407 1444 1455 aequalis,
1455 1407 1511 1442 sed
1529 1408 1565 1441 in
1580 1406 1781 1448 noviluniis,

6 1465 7 1470 ¹
48 1456 84 1491 ὅ(
100 1455 298 1504 pleniluniis
316 1455 353 1490 fit
369 1456 532 1495 maxima,
549 1456 679 1491 deinde
694 1455 834 1503 incipiat
848 1456 1047 1491 decrescere
1060 1477 1070 1495 ,
1085 1455 1130 1491 ita
1142 1466 1181 1490 ut
1203 1455 1238 1490 in
1260 1456 1492 1500 quadraturis,
1509 1467 1591 1490 cum
1614 1455 1780 1491 nimirum

48 1503 151 1539 Luna
168 1504 266 1542 distat
281 1505 300 1540 a
311 1504 393 1540 Sole
408 1516 470 1552 per
485 1514 640 1552 quartam
655 1514 788 1551 partem
805 1503 905 1544 coeli,
921 1505 957 1539 lit
973 1504 1116 1539 minima
1131 1504 1396 1540 intumescentia
1413 1517 1453 1540 ac
1467 1504 1559 1552 pene
1574 1503 1781 1544 insenfibilis,

6 1595 7 1598 Ἰ
47 1552 371 1588 Periodusdemum
386 1565 499 1588 annua
513 1551 663 1588 confistit
676 1552 712 1587 in
727 1553 818 1592 hoc,
837 1563 875 1588 ut
893 1554 1031 1588 duobus
1047 1551 1264 1600 aequinofflis
1278 1553 1545 1590 intumescentia
1558 1552 1596 1588 fit
1611 1553 1780 1596 maxima,

6 1607 9 1642 j
50 1601 179 1637 deinde
194 1601 335 1651 incipiat
356 1601 571 1642 decrescere,
586 1601 632 1637 ita
642 1601 723 1637 ntin
737 1600 881 1638 solstitiis
897 1601 935 1637 sit
947 1602 1104 1637 minima.

319 1696 914 1763 CONCLUSIO
1018 1697 1526 1764 POLITICA.

150 1777 523 1851 Abdicanda
542 1778 680 1849 sunt
700 1778 900 1864 bona,
920 1805 1061 1875 quae.
1080 1781 1359 1850 animum
1376 1779 1670 1876 perdunt.

131 1912 220 1948 Iberi
235 1913 306 1948 nati
331 1911 447 1948 sumus
460 1936 472 1953 ,
491 1912 528 1949 &
541 1912 680 1949 vincula
700 1924 869 1951 amamus,
917 1910 1155 1954 Poffidemus,
1176 1913 1213 1950 ὅ(
1227 1910 1464 1961 poffidemur:
1481 1926 1560 1949 nam
1579 1913 1692 1950 servus
1705 1914 1773 1957 est,

137 1962 196 2009 qui
213 1961 409 2009 cupiditatis
425 1961 489 1997 suae
505 1962 685 1997 Dominus
701 1974 773 1997 non
788 1961 846 1997 est.
897 1961 1028 1998 Labem
1049 1974 1207 2012 purpurae
1222 1962 1433 2011 asperserunt
1445 1963 1557 1998 Persei
1579 1963 1615 1999 ὅ(
1638 1962 1776 2005 Galbae,

10 2048 13 2052 ,
130 2008 244 2058 Sejani
261 2008 455 2050 &Ruffini,
472 2010 900 2058 Eutropii&Pertinaces;
916 2011 995 2058 quia
1006 2011 1087 2046 cum
1104 2010 1212 2047 effent
1227 2012 1320 2047 orbis
1331 2012 1494 2052 Domini,
1509 2012 1690 2059 cupiditati
1705 2012 1771 2047 ser-

6 2076 9 2106 g
42 2058 193 2096 vierunt.
248 2061 444 2107 Acceptare
457 2059 660 2105 pecuniam,
674 2057 1024 2107 &violarejustitiam
1041 2074 1050 2095 ι
1066 2072 1189 2095 manus
1206 2060 1351 2109 implere
1361 2072 1462 2100 auro,
1476 2060 1513 2096 &
1527 2061 1692 2097 virtutem
1708 2060 1770 2096 eli-

8 2109 10 2146 }
42 2107 321 2148 minareanimo,
342 2107 431 2143 estin
447 2108 551 2151 seipso
561 2118 735 2156 raptorem
754 2120 867 2157 agere.
917 2108 1033 2156 Spolia
1049 2108 1267 2157 quisuscipit,
1288 2109 1345 2144 fibi
1360 2109 1549 2144 estvirtutis
1566 2109 1695 2156 praedO.
1719 2111 1768 2145 A·

42 2154 120 2192 liter
130 2156 311 2192 Romanus
326 2157 406 2192 Dux
420 2156 552 2204 Scipio:
566 2155 816 2205 Carthaginem
834 2156 1125 2197 vistorinvefitffl,
1142 2157 1268 2193 cunsta
1282 2158 1422 2193 urbibus
1432 2157 1705 2198 [taliae,Africae‚
1718 2157 1767 2192 Si·
1776 2159 1846 2194 [ἐν.
1856 2160 1929 2202 Dee,

10 2207 11 2210 ’
48 2203 206 2252 ciliaeque
217 2204 319 2253 spolia
333 2203 500 2244 reddidit,
515 2216 591 2253 quae
605 2205 693 2240 olim
709 2206 998 2254 Carthaginenses
1019 2205 1201 2251 sustulere;
1216 2205 1301 2241 nihil
1316 2206 1374 2241 fibi
1389 2205 1549 2247 servavit,
1566 2217 1613 2241 ne
1627 2206 1696 2253 ipse
1710 2205 1880 2249 fiat3.l.1o,

10 2276 11 2292 ι
41 2251 205 2300 spolium.
255 2253 310 2289 Sic
325 2253 384 2300 qui
401 2253 506 2288 vitam
516 2263 654 2295 amant,
668 2265 801 2289 merces
811 2254 845 2289 in
855 2266 949 2289 mare
958 2252 1118 2300 ejiciunt,
1127 2254 1235 2302 neipsi
1245 2254 1500 2290 absorbeantur.
1553 2254 1664 2290 Merla
1673 2267 1766 2291 mer-

9 2347 11 2350 Α
42 2302 136 2338 cium
154 2303 312 2350 pondere
321 2301 471 2349 navigia,
487 2301 651 2337 neinima
665 2301 892 2343 descendant,
901 2313 960 2338 aut
974 2303 1009 2337 in
1018 2301 1178 2350 scopulos
1192 2302 1431 2339 a&ave&ores
1444 2304 1545 2339 maris
1554 2304 1708 2352 rapinam
1717 2304 1769 2340 sa-

10 2356 11 2359 ’
42 2351 146 2390 ciant,
157 2351 377 2386 exoneranda
389 2350 408 2384 s
403 2362 422 2384 u
428 2360 482 2395 [ης
491 2361 563 2397 quo
571 2349 680 2386 levius
691 2349 814 2386 fluetus
824 2360 1000 2398 premant,
1010 2362 1054 2386 ne
1064 2351 1273 2399 opprimant.
1297 2351 1470 2387 vectores
1479 2363 1524 2387 ne
1533 2361 1692 2400 pereant,
1705 2364 1765 2401 pe2

9 2401 12 2440 i
39 2409 139 2435 reant
154 2410 310 2435 merces:
333 2399 477 2434 Divitias
494 2399 537 2434 fic
553 2400 699 2447 perdere
711 2421 721 2439 ,
738 2399 874 2435 lucrum
890 2399 948 2435 est.
998 2401 1220 2436 Amittuntur
1233 2402 1326 2436 bona
1338 2423 1349 2441 ,
1365 2410 1404 2436 ut
1420 2402 1571 2436 servetur
1586 2401 1664 2440 vita.
1715 2402 1768 2436 Ut:

9 2441 12 2458 ἶ
40 2448 109 2484 vita
118 2448 269 2485 servetur
283 2447 411 2487 animi,
426 2458 471 2482 ne
481 2447 515 2482 in
526 2446 730 2497 scopulos&
743 2457 913 2497 praerupta
926 2447 1136 2498 flagitiorum
1148 2460 1340 2498 mergatur,
1355 2451 1535 2497 perdatur,
1550 2451 1648 2497 quod
1663 2461 1765 2485 men-

40 2505 112 2533 tem
122 2507 254 2546 gravat,
263 2496 456 2532 autfamam
467 2496 588 2546 nigrat.
638 2500 777 2545 Diogenes
787 2509 839 2545 per
853 2497 965 2531 medias
977 2497 1184 2533 Macedonum
1190 2511 1288 2547 gazas
1305 2498 1404 2532 nudus
1419 2499 1524 2542 inccffit
1542 2499 1658 2532 calcatis
1677 2503 1762 2547 reglis

10 2589 13 2592 Ι
40 2544 147 2593 opt'hus.
196 2549 337 2580 Emz'nere
353 2546 431 2591 'infin
447 2543 481 2589 est
501 2568 511 2585 ,
533 2545 617 2591 infra
635 2558 724 2592 quem
747 2551 847 2581 omnia
857 2545 1008 2593 jacebant,
1064 2549 1169 2581 Multo
1187 2553 1328 2594 potentior
1345 2570 1356 2587 ,
1381 2548 1472 2582 multo
1495 2548 1656 2594 locupletior
1669 2547 1735 2592 fuit
1748 2547 1927 2588 ,Senecas

10 2631 11 2634 Ἰ
40 2597 143 2628 omnia
157 2604 226 2628 tunc
234 2593 380 2641 poffia'ente
392 2594 577 2630 Alexandro.
641 2596 711 2629 Plus
730 2599 810 2629 em‘m
824 2606 888 2629 erat
902 2618 913 2635 ,
936 2595 1017 2642 quod
1028 2595 1076 2630 ht'c
1088 2597 1172 2630 nollet
1184 2601 1312 2643 accipere
1329 2618 1340 2636 ,
1363 2608 1457 2641 quam
1470 2595 1549 2642 quod
1561 2596 1607 2629 ille
1617 2595 1699 2643 poffi’t
1705 2595 1912 2643 da-debemf.

11 2644 13 2647 ’
36 2654 82 2677 re.
132 2643 277 2691 Expedit
291 2651 350 2678 aut
366 2643 510 2689 perdere
523 2643 663 2679 modica
676 2653 754 2683 ,aut
765 2655 868 2691 parva
885 2643 1016 2692 elargiri
1030 2657 1042 2689 3
1055 2657 1159 2692 quam
1180 2646 1277 2692 quod
1293 2645 1484 2680 maximum
1502 2643 1549 2679 est
1563 2666 1574 2684 ,
1590 2645 1763 2680 amittere.
1795 2657 1821 2681 c.
1831 2656 1867 2684 4.

10 2703 11 2724 2
38 2690 136 2725 Nihil
147 2691 270 2726 melius
289 2691 364 2725 viro
380 2692 494 2731 bono,
508 2692 652 2727 virtute:
667 2692 941 2739 nihilpretiofius
950 2691 1140 2740 virojusto,
1157 2694 1295 2732 animo,
1306 2692 1391 2727 nihil
1407 2692 1543 2728 charius
1557 2692 1632 2728 viro
1647 2694 1760 2729 hone-

9 2755 13 2784 ;
38 2739 108 2779 sto,
123 2740 222 2777 lama,
274 2739 361 2775 Haec
376 2751 420 2775 ne
436 2741 557 2788 perdas
572 2763 581 2779 2
597 2750 739 2788 pereant
752 2741 882 2788 reliqua
903 2755 912 2776 z
933 2741 1070 2777 minora
1082 2743 1159 2778 haec
1180 2741 1256 2777 sunt
1271 2741 1343 2777 illis.
1393 2741 1513 2789 Turpe
1534 2740 1581 2776 est
1594 2764 1605 2781 ‚
1621 2742 1761 2778 exuvias
1772 2748 1892 2782 Plan&

10 2818 11 2833 ἢ
39 2799 212 2836 quaerere,
228 2787 264 2823 ὅ(
275 2788 429 2823 animum
445 2789 620 2826 occidere.
672 2790 820 2824 Infames
840 2791 916 2826 sunt
932 2791 1106 2826 manubiae
1120 2814 1130 2831 ,
1154 2802 1229 2838 quae
1252 2789 1396 2837 spoliant
1410 2790 1547 2826 virtute.
1600 2790 1757 2826 Centum
1767 2795 1914 2843 apophth.'

10 2854 13 2876 2
38 2836 165 2872 talenta
180 2836 367 2873 Alexandri
383 2838 527 2872 nomine
536 2837 713 2873 Phocioni
724 2838 839 2874 oblata
858 2838 951 2878 sunt,
967 2839 1048 2886 quia
1061 2838 1422 2875 solusAthenienfium
1437 2840 1568 2886 probus
1582 2839 1759 2875 videretur
1768 2847 1835 2891 Reg,
1846 2845 1884 2881 ὠ·

11 2893 13 2895 ·
39 2884 250 2932 &optinum
301 2886 368 2921 Sed
385 2886 463 2933 quia
478 2886 632 2934 optitnus
650 2896 720 2922 erat
731 2909 741 2927 ,
756 2888 849 2922 bona
863 2888 984 2930 rejecit
995 2910 1005 2927 ‚
1027 2899 1075 2923 ne
1088 2886 1191 2924 ceffet
1205 2886 1271 2923 esse
1287 2887 1440 2934 optimus
1453 2901 1464 2932 3
1480 2887 1561 2923 cum
1578 2887 1757 2934 suscipien-
1768 2885 1871 2928 Pimc.

10 2936 14 2989 i
39 2933 86 2969 do
96 2934 247 2973 divitias,
264 2933 299 2969 in
315 2934 396 2969 vitia
409 2934 516 2982 lapsus
533 2935 696 2971 virtutem
712 2934 865 2971 exuisset.
925 2936 1009 2984 Qo
1027 2936 1104 2984 quis
1118 2936 1194 2984 plus
1210 2936 1314 2971 habet
1330 2936 1425 2976 auri,
1440 2937 1556 2971 minus
1572 2936 1676 2970 habet
1690 2936 1755 2971 vir·
1773 2942 1922 2987 ‘famam-‚¹

10 2992 14 3033 J
39 2982 119 3017 tutis
130 3005 139 3023 2
156 2982 292 3019 dicebat
301 2982 453 3031 Rupellae
463 2983 635 3020 Marchio.
686 2983 909 3020 Gloriabatur
923 2984 1135 3021 deAfrieana
1148 2984 1291 3020 vinitoria
1303 2985 1458 3020 tumidus
1468 2984 1574 3031 Sylla,
1589 2984 1669 3030 quia
1682 2984 1918 3029 ma-'l‚1,d1·Hor.

11 3036 14 3065 ὲ
38 3029 164 3078 gnifica
178 3042 240 3078 per
257 3032 379 3067 orbern
395 3031 567 3068 increbuit
587 3033 689 3071 fama.
738 3035 787 3068 At
802 3034 943 3081 quidam
952 3032 1162 3068 honestioris
1179 3033 1312 3068 ordinis
1327 3045 1407 3068 eum
1417 3034 1528 3082 arguit
1542 3033 1587 3067 de
1602 3032 1752 3072 infamia,
1763 3043 1858 3073 viror.
1880 3038 1918 3073 it.

10 3074 15 3139 ξ
38 3078 117 3126 quia
129 3078 296 3127 majorem
305 3079 429 3115 divitiis
438 3081 775 3127 perdiditvirtutem,
785 3082 990 3129 accipiendo
1006 3081 1117 3128 spolia.
1181 3084 1323 3130 Qnam
1336 3080 1421 3115 modo
1434 3087 1484 3115 vir
1497 3080 1587 3114 bonus
1600 3082 1648 3128 effe
1662 3091 1753 3128 potes,
1764 3085 1844 3129 lustr.

15 3168 20 3188 Ι
39 3126 166 3174 qm‘cu‘m
174 3125 273 3164 nihilh
279 3131 368 3166 Patre
376 3126 569 3166 tiblrelioium
572 3131 631 3175 fit,
642 3140 682 3165 tot
688 3142 724 3166 ac
732 3140 816 3165 tanta
824 3130 977 3179 poffldeas?
991 3130 1128 3167 Placeat
1140 3131 1290 3178 proinde
1297 3129 1604 3179 AdolphiCaesaris
1613 3129 1754 3184 familia·
1766 3128 1842 3171 Plut.
1861 3137 1897 3181 ιἰει

15 3189 16 3192 ’
1714 3187 1849 3234 HSSJHA.
