2054 3496
652 172 1220 248 Philosophico-Politica.
1706 190 1805 248 179

171 255 362 295 Conclusio
380 253 480 294 sexta.
525 254 613 292 Non
630 256 856 305 improbabile
871 257 972 292 etiarn
989 256 1052 296 est,
1071 254 1371 293 intumescentiam
1386 254 1422 293 <Sc
1438 256 1748 296 detumescentiam
1764 275 1799 299 a.

0 304 4 352 ᾗ
73 318 218 355 quarum
237 305 311 341 fieri
328 317 370 341 ex
385 303 590 340 attractione
604 304 640 342 ἃ
656 305 886 341 resorbitione
898 305 1111 340 humiditatis
1129 315 1297 341 extraneae
1313 316 1355 340 ex
1368 305 1480 341 fundo
1495 309 1596 342 maris
1613 308 1649 345 ὅ(
1664 321 1706 345 ex
1719 315 1799 347 a'e‘re

0 353 16 387 ¹,
71 367 134 404 per
141 355 304 390 virtutem
313 353 610 389 communicatam
619 365 715 401 aquae
730 354 748 389 a
757 353 858 388 Luna
869 353 904 389 ὅ(
912 353 995 388 Sole
1012 353 1251 389 medianteilla
1259 354 1398 389 occulta
1407 353 1597 396 influentia,
1607 357 1652 393 ita
1662 359 1800 396 uthane

70 403 317 440 humiditatem
342 401 518 437 debilitata
536 401 674 437 afflone
688 402 864 437 attractiva
877 401 986 437 Lunae
995 402 1125 437 fundus
1135 403 1235 437 maris
1244 412 1348 450 atque
1355 407 1413 437 a'er
1428 403 1540 438 rursus
1553 405 1731 442 absorbeat
1741 430 1751 447 ‚
1761 408 1800 445 6:

14 479 17 492 ›
71 451 131 488 fiat
145 450 429 486 detumescentia.
484 449 584 484 Ratio
594 450 658 491 est,
667 450 746 497 quia
755 450 855 485 Luna
864 449 976 485 causat
985 449 1286 486 intumescentiam
1295 462 1334 486 ac
1345 451 1653 490 detumescentiam
1663 454 1698 489 in
1711 456 1799 492 mari

14 524 15 535 1
70 499 183 536 modo
200 497 470 547 proportionali,
479 509 518 532 ac
530 500 678 533 eandem
687 497 798 533 causat
807 499 842 533 in
852 498 924 533 aliis
941 499 1146 545 corporibus
1158 499 1310 534 humidis
1320 511 1351 534 v.
1360 511 1391 548 g.
1401 499 1523 547 plantis
1534 499 1570 537 ὅ(
1579 502 1801 551 animalibus;

70 547 128 584 sed
143 547 319 595 probabile
328 546 385 586 est,
397 547 494 593 quod
507 546 808 582 intumescentiam
824 546 982 582 causetin
998 547 1061 582 illis
1072 559 1132 594 per
1147 548 1234 587 hoc,
1258 549 1355 595 quod
1372 548 1436 583 fiiis
1450 547 1640 585 influentiis
1654 553 1799 588 roboret

14 615 15 634 ι
69 596 124 632 iila
139 597 174 631 in
184 595 308 630 ordine
320 596 363 630 ad
379 594 619 630 attrahendam
637 605 834 630 extraneam
850 595 1093 630 humiditatem
1103 609 1114 640 3
1129 595 1438 633 detumescentiam
1446 598 1530 632 vero
1540 610 1601 646 per
1609 600 1691 639 hoc,
1700 601 1801 648 quod

13 635 15 656 ³
68 644 171 681 Luna
180 644 401 679 decrescente
411 642 610 678 debilitetur
623 655 746 678 eorum
760 643 868 679 virtus
878 643 1052 679 attractiva
1068 656 1079 689 ς
1097 645 1250 692 ideoque
1269 645 1425 681 ambiens
1440 645 1614 682 resorbeat
1625 669 1635 687 ,
1653 659 1693 683 ac
1708 661 1798 697 quo-

13 688 15 694 ’
69 693 265 729 dammodo
286 691 425 740 exsugat
440 692 684 727 humiditatem
693 690 767 738 jam
782 691 978 737 attra&am;
994 704 1078 741 ergo
1094 693 1198 728 etiam
1215 692 1328 729 causat
1342 694 1641 730 intumescentiam
1658 696 1694 731 in
1712 697 1801 734 mari

67 752 131 790 per
143 741 215 776 hoc
223 763 234 780 ‚
243 741 340 787 quod
347 751 435 788 aqua
444 739 647 775 destituetur
655 742 783 776 robore
791 741 809 774 a
818 740 919 775 Luna
926 751 1072 788 accepto
1080 763 1091 781 ,
1099 741 1145 777 ita
1153 750 1190 776 ut
1197 741 1326 777 fundus
1335 743 1437 778 maris
1445 765 1455 783 ,
1464 743 1500 779 ὅ(
1510 749 1567 779 ae'r
1582 745 1797 788 absorbeant,

69 789 108 826 &
121 789 287 838 exsugant
302 789 406 824 talem
426 788 684 825 humiditatem.
734 788 833 823 Prior
844 798 962 824 tamen
978 789 1145 826 sententia
1152 789 1367 829 verisimilior
1375 789 1442 828 effe
1450 792 1587 829 videtur
1597 793 1634 830 <Sc
1649 793 1731 831 ideo
1746 804 1798 834 εει

66 838 206 879 nenda,
220 848 284 884 pro
301 834 401 884 cujus
410 846 528 872 tamen
537 837 673 873 meliori
683 837 800 872 adhuc
811 836 1043 886 intelligentia
1059 838 1097 875 sit

363 932 954 999 CONCLUSIO
998 934 1496 1004 POLITICA.

116 1014 410 1087 Politicus
432 1039 572 1112 quae
593 1019 629 1086 a
649 1013 901 1086 subditis
920 1017 1152 1105 haurit,
1172 1019 1239 1094 in
1257 1044 1486 1097 eorum
1507 1016 1758 1102 bonum

801 1121 984 1161 COHVCI‘
987 1121 1062 1161 tat.

160 2845 223 2882 On
235 2846 292 2882 fibi
308 2846 416 2884 solum
432 2847 518 2886 vivit
529 2873 541 2891 ‚
556 2847 616 2899 qui
631 2850 788 2899 publicus
802 2851 861 2891 est.
911 2852 1017 2892 Miser
1030 2879 1041 2896 ‚
1062 2853 1121 2905 qui
1135 2854 1170 2892 in
1185 2852 1278 2892 suam
1295 2856 1396 2894 solius
1411 2856 1594 2896 utilitatem
1610 2866 1713 2898 natus
1728 2856 1791 2901 est,

165 2896 326 2944 Angustae
340 2897 388 2933 est
396 2897 617 2948 sphaerae‚qui
631 2903 777 2949 propriis
793 2903 901 2939 solum
918 2905 1092 2951 parietinis
1106 2905 1212 2943 lucet.
1261 2902 1413 2943 Praesunt
1429 2907 1651 2945 firmamento
1672 2909 1789 2951 sidera,

7 2975 10 2979 ,
166 2944 246 2980 utin
260 2943 421 2981 inferiora
429 2946 587 2987 influant.
635 2950 752 2986 Statin
766 2950 1056 2998 apicepoliticus‚
1070 2954 1151 2988 utin
1165 2953 1317 2990 subditos
1325 2955 1363 2991 fit
1378 2956 1544 2992 intentus.
1595 2957 1655 2994 Ille
1664 2968 1706 2993 ex
1714 2957 1790 2993 sub-

6 2988 9 3030 Ϊ
61 2985 162 3037 j'effis
175 2993 275 3033 vivit,
291 2990 431 3040 subjeci-i
445 3007 489 3032 ex
504 2996 575 3032 illo.
625 2996 754 3036 Lunari
771 3000 906 3048 sphaerae
923 3002 1012 3037 bene
1025 3002 1249 3039 adscribitur:
1264 3006 1404 3039 Attrafia
1417 3005 1551 3051 refundit
1565 3019 1577 3051 3
1591 3017 1675 3054 quas
1692 3006 1789 3053 enim

6 3035 8 3070 ἑ
65 3041 166 3075 maris
175 3042 285 3076 undas
292 3043 446 3083 attrahit,
456 3046 586 3081 eodem
595 3045 695 3082 alveo
710 3048 1107 3098 refundit-,utperpetuo
1117 3049 1212 3086 fluxu
1231 3051 1409 3088 &refluxu
1424 3065 1577 3089 oceanus
1592 3064 1721 3103 agatur.
1744 3054 1787 3090 Et:

5 3082 8 3118 ἶ
65 3087 233 3124 Balaenam
243 3091 357 3131 vides,
371 3091 476 3137 pleno
485 3093 580 3129 hiatu
596 3106 701 3142 aquas
719 3096 956 3143 haurientemg
971 3110 1046 3133 non
1062 3098 1105 3134 fic
1117 3110 1174 3134 eas
1188 3099 1315 3140 servat,
1332 3110 1450 3137 utnon
1465 3101 1601 3138 inidem
1611 3102 1785 3152 gremium

6 3137 10 3181 ᾗ
64 3144 233 3182 revomat,
242 3150 285 3176 ex
292 3151 364 3188 quo
373 3140 493 3183 hausit.
508 3142 607 3192 Qid
622 3143 713 3180 aliud
721 3143 887 3182 Politicus
894 3157 971 3196 agat
975 3147 1009 3231 'Z
1002 3144 1037 3181 Pl
1042 3147 1176 3184 utarchi
1185 3150 1289 3185 verba
1298 3161 1401 3198 cape:
1414 3149 1785 3244 Mimstrifimtadcufflm

1031 3207 1053 3234 2
1670 3210 1705 3234 ac
1722 3210 1740 3232 a
1750 3208 1786 3234 u-
