2054 3496
626 201 1199 274 Philosophico-Politica.
1697 224 1776 277 135

1 287 4 325 ὲ
47 289 116 328 cari
124 313 135 329 ,
150 289 238 326 Solis
246 289 370 325 ardore
378 289 519 325 madere
528 289 681 327 scribitur
689 293 706 328 a
719 290 840 328 Plinio.
890 292 994 328 Forte
1009 294 1089 340 quia
1104 303 1194 328 terra
1213 292 1361 342 spongiae
1380 292 1479 329 instar
1493 294 1616 343 porola
1630 294 1770 344 allapsos

2 381 5 386 Δ
47 339 174 375 imbres
184 339 295 374 statim
305 338 461 374 absorbet
469 339 504 373 in
512 340 726 386 profundum
735 363 745 380 ,
766 340 916 375 maxime
932 341 954 376 si
968 352 1094 388 aquam
1109 342 1252 377 haberet
1267 341 1520 378 subterraneam
1538 357 1549 388 ;
1581 345 1658 379 vice
1672 344 1765 380 veria

0 387 5 431 ξ
45 387 132 423 vero
141 386 346 435 proliciente
353 386 441 421 Solis
450 388 584 426 ardore,
593 389 699 424 facilis
707 399 768 435 per
775 389 920 423 eosdem
929 399 1035 436 poros
1043 400 1153 437 vapor
1163 388 1314 425 ascendit
1322 412 1332 430 ,
1348 392 1407 437 qui
1417 391 1475 426 ubi
1483 396 1600 427 aerem
1608 392 1763 440 frigidm-

45 446 122 472 rem
139 435 285 474 senserit,
295 435 330 469 in
339 436 525 470 humorem
533 436 651 471 abiens
665 447 790 471 terram
800 437 940 472 madere
949 437 1040 474 facit.

146 485 291 532 Qaeres
308 483 366 518 hic
375 484 505 531 primo:
532 483 607 519 Cur
622 485 750 520 imbres
764 484 826 519 fint
839 485 1093 532 frequentiores
1102 485 1136 520 in
1148 485 1286 532 hyeme,
1295 487 1444 533 quamin
1452 486 1582 533 aestate3
1608 487 1764 536 Respon-

43 532 134 567 deo:
160 532 348 567 Rationem
357 530 439 572 effe,
453 532 532 579 quia
539 533 651 568 aestate
659 530 769 579 major
778 532 825 568 est
833 532 944 573 calor,
953 532 1208 581 consequenter
1216 535 1339 582 pluviae
1348 535 1478 571 debent
1486 534 1553 572 effe
1561 536 1762 583 infrequen-

41 581 160 620 tiores,
171 592 251 616 nam
267 579 390 627 pluviae
400 591 473 615 non
482 580 643 616 oriuntur
650 581 808 629 proxime
817 592 859 616 ex
869 592 924 620 eo,
933 581 1012 629 quia
1019 593 1165 629 vapores
1173 582 1352 619 elevantur
1360 582 1498 623 sursum,
1507 585 1605 632 quod
1614 584 1661 619 est
1669 596 1759 632 opus

45 628 180 669 caloris,
190 627 245 664 sed
254 640 296 664 ex
306 640 361 668 eo,
371 629 451 676 quia
458 640 605 677 vapores
615 629 735 665 elevati
747 629 1015 665 condensantur,
1028 630 1063 666 ὃ(
1074 632 1205 666 cadunt
1214 632 1397 672 deorsum,
1413 633 1511 679 quod
1528 631 1575 668 est
1594 644 1683 680 opus
1700 634 1758 669 fri-

43 677 139 726 goris
149 690 161 723 3
185 677 220 712 in
228 677 339 712 aestate
347 687 463 712 autem
471 677 567 726 viget
574 677 610 714 ὅ(
617 687 739 727 regnat
747 677 841 714 calor
849 690 861 722 ;
884 679 981 713 unde
989 689 1135 725 vapores
1152 679 1332 715 elevantur
1346 680 1383 716 ὅ(
1399 680 1611 726 ascendunt3
1625 682 1755 728 hyeme

42 736 143 765 vero,
153 726 236 760 cum
244 735 366 773 regnet
374 725 490 773 frigus,
499 737 643 773 vapores
651 725 774 762 elevati
781 725 986 775 gravescunt
993 749 1002 766 ,
1012 726 1048 762 ὅ(
1056 726 1272 762 descendunt
1280 727 1441 764 deorsum
1451 729 1484 764 in
1492 729 1636 776 pluvias.
1662 729 1761 766 Hinc

43 772 381 822 colligitAristoteles
396 783 493 809 textu
500 777 558 820 46,
565 774 623 810 lib.
633 786 657 810 1.
677 775 766 812 Met.
788 774 860 809 dari
874 774 1066 809 mirabilem
1083 775 1348 812 circulationem
1362 787 1532 824 vaporum
1547 777 1765 814 ascendenti-

42 833 116 862 um,
134 822 170 857 <Sc
178 821 477 862 descendentium,
485 833 562 870 quae
577 823 755 858 circulatio
765 822 918 857 imitatur
925 823 1094 859 circulum
1102 822 1206 863 Solis,
1223 824 1282 872 qui
1297 825 1382 860 dum
1391 835 1555 861 movetur
1562 837 1623 874 per
1630 826 1763 862 Zodia·

43 882 138 910 cum,
147 872 258 905 modo
266 870 401 905 accedit
409 871 453 906 ad
464 870 618 906 nostrum
626 871 792 907 verticem
800 893 810 911 ,
821 872 907 906 dum
922 871 940 906 a
954 870 1109 919 Tropico
1122 871 1331 919 Capricorni
1351 873 1574 922 progreditur
1585 875 1628 910 ad
1636 874 1760 923 Tropi-

30 930 126 961 ,cum
135 918 274 959 Cancri,
284 918 319 954 ὅ(
329 917 442 954 causat
455 918 605 954 aestatem
614 931 622 952 :
632 920 742 954 modo
751 918 884 955 recedit
892 919 909 954 a
918 919 1036 954 nostro
1045 919 1193 960 vertice,
1202 922 1287 956 dum
1305 920 1324 955 a
1336 920 1493 969 Tropico
1512 922 1640 958 Cancri
1648 934 1763 971 regre-

42 967 136 1002 ditur
152 967 195 1002 ad
201 966 393 1016 Tropicum
403 966 593 1015 Capicorni
601 990 611 1008 ,
628 967 664 1003 ὅ(
672 967 784 1003 causat
790 968 967 1016 hyemem.
1016 967 1179 1003 Similiter
1191 979 1275 1017 ergo
1284 979 1381 1017 aquae
1388 969 1500 1005 aestate
1508 981 1766 1007 convertuntur

41 1015 80 1050 in
87 1027 210 1063 aquam
220 1037 230 1055 ,
239 1013 434 1051 &refluunt
443 1015 603 1051 deorsum
612 1027 672 1064 per
680 1015 822 1064 pluviaS,
841 1016 938 1051 nives
946 1016 1015 1057 dcc.
1039 1017 1120 1052 ideo
1130 1017 1258 1063 hyeme
1265 1018 1444 1053 abundant
1451 1030 1548 1066 aquae
1556 1019 1592 1055 in
1599 1020 1697 1055 terris
1704 1042 1715 1060 ,
1723 1028 1763 1057 ut

39 1073 137 1112 patet
144 1075 186 1099 ex
193 1064 422 1099 redundantia
431 1062 628 1104 fluminum,
645 1063 794 1104 lacuum,
803 1064 955 1099 fontium
966 1064 1034 1103 (Sec.
1058 1064 1172 1100 aestate
1178 1077 1263 1100 vero
1272 1077 1418 1113 vapores
1432 1068 1611 1103 abundant
1618 1068 1653 1103 in
1661 1073 1759 1110 aere,

41 1121 83 1148 ut
91 1121 183 1159 patet
191 1123 233 1147 ex
241 1112 473 1147 decrelcentia
482 1110 669 1148 fluminum
679 1113 862 1149 &lacuum
869 1135 879 1154 ,
887 1124 962 1161 quae
971 1113 1133 1162 provenit
1142 1124 1185 1149 ex
1193 1125 1248 1154 eo,
1259 1114 1357 1162 quod
1366 1126 1463 1163 aquae
1471 1116 1508 1151 in
1516 1127 1662 1164 vapores
1672 1128 1760 1154 con-

42 1160 144 1196 versae
153 1159 314 1196 fluxerint
323 1159 460 1195 sursum.

141 1210 285 1257 Qaeres
294 1208 464 1245 secundo:
491 1208 566 1245 Cur
574 1208 683 1245 nimbi
692 1208 754 1244 lint
761 1208 1015 1257 frequentiores
1023 1209 1153 1249 aestate,
1164 1210 1269 1258 quam
1277 1212 1416 1258 hyeme.
1471 1211 1701 1260 Respondeoz
1714 1225 1766 1250 ra.

43 1256 178 1292 tionem
188 1256 266 1297 effe,
282 1257 361 1304 quia
367 1256 479 1293 aestate
487 1257 570 1293 cum
589 1257 683 1293 calor
692 1258 806 1306 vigeat
813 1280 823 1298 ,
832 1268 871 1293 ut
878 1269 1024 1305 vapores
1033 1258 1286 1307 infrigidemur,
1302 1260 1433 1295 debent
1442 1261 1521 1309 cogi
1530 1261 1565 1296 in
1575 1274 1700 1310 magna
1709 1275 1772 1299 co..

39 1305 96 1353 pia
105 1329 113 1345 ,
121 1316 159 1341 ut
167 1306 308 1341 vincant
317 1305 468 1341 calorem
477 1307 563 1341 aeris
572 1306 765 1345 ambientis,
782 1307 878 1341 unde
887 1317 968 1341 cum
988 1306 1110 1353 pluviae
1129 1306 1249 1342 aestivae
1258 1308 1416 1343 oriantur
1430 1319 1471 1344 ex
1488 1310 1674 1356 vaporibus
1683 1323 1764 1347 coa-

40 1352 105 1389 &is
118 1354 153 1389 in
162 1354 310 1389 maxima
319 1354 420 1400 copia
429 1355 464 1388 in
473 1353 593 1389 locum
602 1354 796 1403 angustum,
806 1366 879 1389 non
889 1353 936 1389 est
945 1355 1083 1395 mirum,
1093 1355 1115 1390 si
1125 1355 1187 1390 [int
1196 1355 1296 1400 valde
1304 1357 1532 1401 abundante8‚
1541 1357 1577 1394 ὃς
1586 1358 1762 1407 impetuo-

41 1401 83 1437 fie
91 1425 100 1442 ,
117 1412 222 1450 atque
242 1403 332 1436 adeo
349 1403 411 1437 kint
429 1403 551 1437 nimbi.
602 1403 643 1437 Et
658 1401 902 1442 confirmatur,
920 1403 999 1450 quia
1017 1403 1100 1438 cum
1114 1403 1208 1438 calor
1221 1403 1341 1439 aestatis
1358 1404 1395 1439 fit
1411 1406 1605 1441 vehemens
1616 1429 1627 1446 ,
1653 1407 1766 1446 elevat

41 1449 128 1498 saepe
137 1461 283 1499 vapores
293 1453 328 1485 In
337 1462 463 1499 magna
472 1450 585 1498 copia,
593 1450 629 1486 ὅ(
637 1461 711 1485 non
720 1451 811 1486 bene
821 1450 962 1486 coaetos
977 1451 1013 1487 ὅς
1029 1461 1227 1487 attenuatos
1234 1475 1244 1492 ,
1267 1453 1327 1500 qui
1337 1452 1466 1488 deinde
1472 1451 1583 1489 statim
1590 1454 1767 1495 resolvun-

41 1508 110 1535 tur.

140 1548 284 1596 Qaeres
291 1547 414 1582 tertio:
440 1546 515 1582 Cur
523 1546 631 1582 nimbi
639 1557 817 1595 occupent
828 1558 972 1594 parvum
988 1546 1130 1595 spatium
1152 1557 1250 1583 terrae
1258 1570 1268 1589 ,
1284 1547 1322 1584 ὅ(
1339 1549 1466 1585 durent
1482 1550 1579 1587 brevi
1587 1551 1773 1600 tempore}

40 1594 270 1642 Respondeo:
295 1596 482 1631 Rationem
492 1593 558 1630 esse
566 1596 715 1630 eandem
724 1618 734 1635 ,
752 1608 855 1643 quam
871 1594 975 1643 paulo
990 1606 1070 1631 ante
1085 1597 1266 1636 dedimus,
1290 1608 1419 1645 nempe
1432 1620 1442 1638 ,
1458 1599 1538 1646 quia
1559 1611 1707 1648 vapores
1724 1611 1766 1639 ut

40 1644 264 1692 frigidentur,
279 1644 358 1691 cogi
370 1644 499 1679 debent
511 1644 547 1678 in
565 1645 799 1692 magnacopia
810 1645 845 1678 in
855 1644 974 1679 locum
984 1644 1167 1692 angustum
1177 1667 1187 1685 ,
1197 1656 1282 1693 ergo
1293 1647 1424 1682 debent
1431 1658 1606 1695 occupare
1613 1660 1760 1696 parvum

40 1692 199 1740 spatium.
249 1692 374 1727 Rurius
383 1702 524 1739 propter
535 1691 638 1739 ipsam
646 1693 907 1728 vehementiam
916 1692 951 1728 &
960 1694 1097 1739 copiam
1106 1692 1229 1741 pluviae
1242 1693 1422 1730 resolvitur
1437 1695 1547 1731 statim
1560 1699 1671 1733 nubes
1685 1721 1696 1739 ,
1722 1699 1762 1736 δ(

40 1739 144 1776 cessat
154 1741 303 1776 nimbus.
354 1741 483 1775 Eadem
491 1741 578 1775 ratio
587 1740 644 1780 est,
654 1740 804 1776 curtales
813 1740 921 1776 nimbi
930 1741 1086 1776 oriantur
1100 1751 1139 1777 ut
1151 1741 1339 1789 plurimum
1357 1744 1447 1779 circa
1462 1745 1610 1781 vertices
1631 1748 1763 1783 monti-

39 1800 102 1824 um
114 1787 219 1824 flante
227 1788 433 1824 contraillos
450 1797 569 1828 vento,
578 1788 716 1829 scilicet,
724 1789 804 1837 quia
819 1800 944 1825 ventus
953 1789 1065 1824 defert
1073 1801 1218 1837 vapores
1229 1791 1264 1825 in
1282 1790 1353 1826 illas
1367 1802 1480 1840 partes
1492 1815 1503 1833 ‚
1529 1792 1763 1832 &inveniens

40 1836 338 1885 impedimentum
347 1837 486 1879 montis,
495 1838 669 1873 coadunat
678 1838 714 1873 in
723 1838 871 1873 maxima
879 1838 989 1887 copia,
997 1849 1104 1886 quare
1119 1838 1207 1873 uniti
1215 1839 1475 1889 infrigidantur,
1498 1840 1535 1878 ὅ(
1543 1841 1763 1881 resolvuntur

42 1886 81 1930 in
89 1886 262 1921 nimbum.

141 1935 285 1981 Qaeres
295 1943 435 1981 quarto:
461 1933 537 1970 Cur
545 1931 682 1980 singulis
698 1932 769 1969 fere
782 1934 879 1969 annis
893 1933 982 1969 circa
995 1934 1204 1983 principium
1228 1935 1365 1978 aestatis,
1378 1938 1537 1985 quotidie
1551 1938 1609 1976 sub
1623 1941 1765 1978 meridi·

41 1994 99 2019 em
109 1983 278 2018 excitetur
286 1983 424 2018 nimbus
434 1982 528 2018 brevi
536 1980 709 2017 ttanliens,
761 1983 982 2030 Respondeo,
991 1983 1161 2019 rationem
1170 1983 1237 2019 esse
1244 2007 1253 2024 ,
1264 1985 1344 2032 quia
1353 1986 1443 2021 circa
1453 1987 1660 2036 principium
1669 1990 1761 2027 aesta-

41 2031 86 2067 tis
96 2030 290 2079 superficies
303 2041 418 2071 terrae,
433 2030 572 2077 &aquae
589 2028 625 2064 ὅ(
639 2035 698 2064 aer
712 2030 758 2065 illi
773 2032 989 2079 propinquus
1004 2033 1286 2080 propterradium
1295 2032 1464 2069 reflexum
1473 2036 1760 2076 vehementerin-

39 2079 187 2119 calescit,
195 2081 341 2115 durante
350 2079 531 2115 interimin
544 2079 693 2113 secunda
701 2079 788 2114 a'e‘ris
798 2080 942 2129 regione
956 2080 997 2115 fri
1024 2081 1144 2116 iditate
1156 2104 1167 2121 ,
1186 2082 1268 2117 cum
1283 2081 1351 2117 illic
1369 2094 1444 2119 non
1459 2084 1633 2133 pertingat
1644 2088 1761 2124 radius

40 2127 207 2168 reflexus,
218 2127 255 2164 ὃ(
263 2129 377 2163 radius
385 2127 536 2163 direEtus
544 2137 562 2161 e
589 2135 624 2160 et
632 2125 754 2173 majori
765 2137 925 2176 tempore
942 2130 985 2165 ad
998 2093 1091 2164 iilam
1108 2128 1378 2165 calefaciendam
1395 2143 1407 2176 3
1432 2131 1540 2170 Calor
1554 2144 1638 2182 ergo
1653 2136 1762 2172 vehe-

41 2187 143 2211 mens
157 2177 247 2212 circa
255 2186 544 2223 terram,vap0res
553 2186 571 2210 e
587 2184 664 2209 evat
674 2176 708 2210 in
725 2188 850 2225 magna
859 2177 1031 2225 copia,qui
1041 2178 1279 2226 pertingentes
1289 2180 1332 2214 ad
1347 2178 1532 2215 secundam
1543 2183 1629 2218 ae'ris
1644 2186 1761 2234 regio.

42 2228 125 2259 nem
136 2236 209 2260 non
227 2225 299 2259 satis
309 2223 635 2260 calefatramaradio
651 2224 781 2260 diretto
798 2225 910 2262 statim
925 2226 1181 2274 refrigerantur.
1232 2227 1272 2261 Et
1287 2227 1368 2274 quia
1380 2240 1526 2275 vapores
1540 2231 1712 2279 praecipue
1721 2245 1758 2269 e-

41 2273 201 2308 levantur
209 2273 300 2309 circa
308 2273 501 2312 meridiem,
509 2273 590 2307 ideo
600 2271 702 2318 paulo
714 2273 979 2319 postmeridiem
989 2274 1177 2323 refrigerati
1186 2274 1319 2311 resolvu
1325 2286 1404 2311 ntur
1417 2277 1453 2311 in
1468 2276 1600 2324 pluvias
1615 2280 1652 2316 δε
1665 2282 1757 2318 nim-

42 2322 107 2357 bos
116 2322 242 2356 vehem
248 2330 356 2356 entes.
407 2321 549 2355 Interim
560 2321 661 2355 etiam
670 2321 712 2355 ad
722 2321 797 2356 secu
803 2323 908 2357 ndam
916 2322 1100 2370 regionem
1110 2323 1196 2358 aeris
1206 2333 1416 2373 propagatur
1422 2324 1520 2361 aestus
1528 2349 1539 2367 ,
1553 2337 1658 2376 atque
1665 2330 1757 2367 adeo

42 2368 192 2406 cessante
200 2370 307 2405 subit&
315 2368 574 2419 refrigeratione
583 2379 752 2415 vaporum
762 2368 889 2406 cessant
897 2370 1127 2411 nimbi.L1nde
1141 2372 1177 2407 in
1189 2371 1295 2408 Zona
1312 2373 1417 2409 etiam
1430 2375 1560 2412 torrida
1566 2375 1655 2425 pluit
1668 2390 1759 2426 quo-

44 2418 130 2454 tidie
146 2418 204 2454 [ἰὼ
218 2417 412 2453 meridiem.

139 2473 283 2522 Quaeres
291 2472 435 2520 quinto:
459 2471 535 2507 Cur
541 2472 665 2520 pluviae
672 2473 779 2523 magis
787 2472 1134 2515 terramfoecundent‚
1143 2475 1248 2523 quam
1257 2475 1484 2525 irrigationes.
1535 2477 1759 2527 Respondeo:

34 2520 230 2557 -Rationem
240 2520 316 2560 effe,
325 2520 404 2568 quia
413 2520 495 2556 cum
506 2521 541 2556 in
550 2527 629 2556 a'ere
639 2522 701 2556 (int
710 2522 846 2558 effluvia
854 2522 889 2558 ὅ(
896 2532 1009 2570 partes
1017 2523 1174 2571 spiritosae
1184 2525 1346 2565 omnium
1354 2536 1471 2561 rerum
1479 2548 1489 2565 ,
1497 2525 1621 2574 pluviae
1629 2530 1756 2567 multas

42 2581 84 2605 ex
92 2570 144 2604 his
153 2569 315 2604 deferunt
329 2570 366 2604 in
373 2578 497 2605 terram
509 2591 520 2610 ,
529 2570 655 2617 quibus
670 2569 760 2606 illam
772 2571 992 2607 foecundant.
1041 2572 1092 2608 Ex
1107 2573 1232 2608 eadem
1245 2573 1383 2609 ratione
1397 2585 1494 2621 aquae
1510 2573 1662 2612 fluviales
1678 2578 1756 2617 sunt

41 2617 283 2653 foecundiores
290 2640 300 2658 ,
309 2618 413 2665 quam
421 2629 517 2665 aqua:
526 2619 690 2654 fontanae.
739 2619 905 2655 Fluviales
915 2619 1009 2655 enim
1017 2621 1145 2669 magna
1153 2632 1195 2656 ex
1203 2630 1299 2669 parte
1312 2621 1525 2671 colliguntur
1532 2634 1576 2659 ex
1584 2624 1707 2672 pluviis
1716 2628 1755 2666 ὃς

42 2667 189 2706 nivibus,
197 2676 301 2713 atque
310 2667 398 2701 adeo
409 2665 484 2701 sunt
491 2666 601 2714 plenae
610 2667 725 2703 multis
735 2667 753 2703 s
770 2668 899 2704 iritibus
907 2691 917 2707 ,
926 2668 986 2716 qui
995 2668 1118 2705 desunt
1124 2669 1220 2717 aquis
1227 2669 1393 2710 fontanis,
1401 2681 1477 2718 quae
1493 2671 1570 2709 sunt
1577 2672 1679 2710 valde
1687 2687 1753 2723 pu-

43 2725 87 2750 rae
97 2715 132 2750 ὅ(
141 2714 301 2762 limpidae,
309 2715 390 2750 cum
399 2713 553 2751 fluviales
562 2715 692 2752 soleant
704 2727 723 2751 e
751 2728 771 2752 e
787 2717 944 2756 turbidae.
993 2717 1044 2752 Ex
1060 2718 1182 2754 eadem
1198 2719 1333 2754 ratione
1342 2719 1401 2754 nix
1421 2718 1458 2755 ὅ(
1472 2730 1529 2755 ros
1543 2720 1753 2762 foecundant

41 2771 180 2803 terram,
190 2763 270 2810 quia
278 2762 379 2810 plena
389 2762 464 2798 sunt
473 2763 596 2799 talibus
606 2765 763 2802 effluviis.
812 2766 923 2802 Nives
931 2774 1048 2801 tamen
1061 2766 1270 2803 foecundant
1279 2767 1383 2803 etiam
1393 2778 1436 2803 ex
1443 2767 1510 2803 alio
1526 2770 1649 2818 capite,
1671 2774 1753 2821 quia

42 2811 207 2846 nimirum
216 2811 275 2846 suo
284 2811 412 2860 frigore
421 2811 588 2849 claudunt
595 2835 605 2854 ,
614 2813 650 2849 ὅ(
659 2813 900 2863 constringunt
907 2824 1014 2861 poros
1022 2822 1132 2856 terrae,
1138 2824 1242 2863 atque
1250 2816 1339 2851 adeo
1356 2816 1552 2865 impediunt
1559 2819 1751 2859 exhalatio.

43 2870 106 2896 nes
116 2860 306 2908 spirituum,
317 2860 375 2907 qui
385 2859 573 2901 evolarent,
582 2862 678 2897 unde
686 2862 812 2898 occlusi
819 2862 943 2898 melius
951 2862 970 2898 a
978 2872 1067 2899 terra
1081 2863 1308 2900 imbibuntur.

141 2925 287 2972 Qaeres
295 2922 406 2958 sexto:
430 2924 559 2959 Utrum
568 2934 639 2971 quo
647 2922 784 2967 altiores
792 2923 867 2959 sunt
877 2924 997 2964 nubes,
1005 2934 1051 2959 eo
1067 2934 1243 2972 guttarum
1252 2932 1370 2959 motus
1378 2923 1467 2960 circa
1475 2934 1601 2963 terram
1610 2928 1647 2965 sit
1654 2930 1751 2967 velo.

8 2963 18 3020 ξ
43 2971 137 3011 εἰοτξ
161 2971 370 3020 Respondeo
378 2970 592 3012 affirmative,
602 2971 681 3020 quia
687 2972 830 3020 guttulae
839 2971 901 3007 illae
910 2984 982 3020 quo
992 2972 1052 3008 lon
1079 2973 1130 3008 ius
1138 2973 1352 3012 feruntur-,eo
1361 2972 1397 3008 in
1408 2972 1440 3008 fe
1446 2972 1615 3022 majorem
1625 2978 1748 3027 impul.

16 3020 17 3023 ’
45 3021 117 3056 lum
126 3020 340 3068 imprimunt,
349 3018 391 3055 lic
402 3019 462 3056 'ue
469 3018 653 3069 perfeffius
666 3020 876 3069 principium
886 3021 1006 3056 motus
1016 3021 1050 3057 in
1074 3033 1092 3057 e
1100 3022 1241 3060 habent,
1249 3020 1409 3068 viresque
1422 3023 1608 3071 acquirunt
1615 3028 1748 3070 eundo,

2 3109 4 3119 k
15 3096 17 3104 ,
45 3067 82 3105 ὅ(
89 3069 342 3118 consequenter
350 3068 387 3106 in
423 3079 469 3108 ne
475 3068 596 3106 motus
603 3067 760 3107 velocius
769 3070 1008 3108 movebuntur
1015 3068 1158 3120 guttulae
1167 3068 1231 3109 111ae
1240 3069 1417 3111 cadentes.

1612 3189 1759 3241 Qaeres
