2054 3496
267 169 369 223 174
962 152 1329 225 Meteorologia
2047 177 2050 193 ·

272 251 351 275 ores
367 241 424 274 sub
432 250 524 274 zona
537 238 666 273 torrida
675 261 685 278 ,
701 247 739 274 ut
748 238 913 275 testantur
926 240 1038 287 periti.
1089 239 1125 276 P.
1135 240 1340 275 Athanafius
1349 240 1541 276 Kircherus
1555 242 1591 277 in
1606 241 1662 277 sua
1677 251 1749 277 arte
1762 252 1914 291 magnet.
1929 242 1987 279 lib.

269 300 296 334 3.
313 301 344 335 p.
355 300 379 333 3.
391 299 459 325 c.2.
475 287 534 321 dat
550 288 685 322 tertiam
694 289 883 328 rationem,
893 290 977 324 dum
992 291 1116 328 docet,
1130 290 1227 324 hunc
1250 299 1389 324 motum
1405 291 1589 336 provenire
1603 293 1621 325 a
1635 291 1716 325 Sole
1728 291 1945 330 absumente,
1959 292 1996 328 ὅ(
2047 293 2050 305 ¹

272 338 308 372 in
322 347 468 383 vapores
482 335 676 371 resolvente
691 348 851 385 magnam
862 337 998 372 Oceani
1014 347 1146 384 partem
1160 360 1171 377 ,
1185 349 1261 384 quae
1278 336 1335 372 sub
1349 338 1454 372 Zona
1466 340 1594 373 torrida
1602 337 1698 385 jacet
1711 362 1720 379 ,
1735 351 1803 386 qua
1821 339 1997 387 absumpta
2046 327 2050 378 i

273 385 413 433 reliquae
428 395 523 432 aquae
539 385 573 418 in
591 384 771 419 subsidium
789 385 937 420 veniunt
951 386 1099 433 partium
1121 385 1425 426 laborantium,ad
1442 387 1705 434 impediendum
1720 399 1894 424 vacuum:
1909 389 1996 426 Haec
2045 383 2050 442 5³

272 444 392 469 tamen
407 435 493 468 ratio
504 444 577 467 non
591 434 636 468 ita
644 433 774 481 placet,
789 434 868 481 quia
876 435 1010 469 creditu
1021 433 1161 469 difficile
1176 435 1241 474 est,
1258 437 1356 482 quod
1364 444 1459 470 tanta
1467 447 1632 482 aquarum
1641 436 1742 483 copia
1750 438 1922 471 continuo
1936 438 1994 472 ab·
2046 449 2049 472 i

274 482 426 518 sumatur
434 482 474 516 ab
485 482 655 516 immenio
665 483 753 517 Solis
763 483 894 522 calore,
903 483 938 518 ὅ(
947 493 1064 517 tamen
1074 494 1168 517 mare
1177 495 1251 518 non
1259 482 1397 518 deficiat
1405 506 1415 522 ,
1431 495 1546 531 neque
1561 485 1748 519 minuatur.
2045 476 2049 525 ἷ

373 529 526 565 Observa
539 538 676 570 tamen,
685 532 781 565 hunc
793 540 932 566 motum
941 532 983 566 ab
992 541 1072 566 ortu
1081 531 1116 566 in
1134 531 1295 567 occasum
1305 543 1379 567 non
1389 531 1707 581 itaintelligendum
1718 532 1802 573 esse,
1820 532 1911 580 quasi
1927 544 1997 568 ma·
2052 538 2054 541 ’

275 591 313 615 re
326 579 534 614 continuato
545 578 677 626 semper
693 577 788 614 fluxu
798 578 891 615 reita
902 579 1004 627 plane
1014 579 1264 615 semitaferatut
1273 590 1402 615 exortu
1411 580 1447 615 in
1458 591 1480 615 o
1507 582 1650 628 positam
1663 583 1836 617 continuo
1846 582 1981 630 plagam
1990 595 2001 617 ε
2052 578 2054 585 '

275 629 398 663 verum
413 627 556 662 subinde
570 628 715 676 obliquo
732 628 833 662 etiam
851 629 989 663 tramite
1004 629 1186 676 progredi,
1199 641 1239 664 ac
1256 629 1418 664 nonnihil
1431 630 1475 664 de
1502 629 1616 665 eslere
1630 653 1640 670 ,
1655 631 1728 664 imo
1744 641 2002 677 nonnunquam

277 676 432 713 circulari
442 674 536 711 fluxu
552 686 690 711 motum
706 677 914 712 continuare
927 677 1076 725 cogitur.
1127 677 1169 712 Et
1182 677 1287 712 talem
1297 687 1409 712 nautae
1427 677 1743 713 inAdriaticomari
1761 679 2003 726 experiuntur,

277 725 429 760 sentiunt
443 726 536 759 enim
547 747 556 764 ,
574 736 669 760 mare
684 725 767 760 illud
783 727 826 760 ad
841 724 937 761 littus
951 726 1095 773 quidem
1107 725 1287 761 Dalmatiae
1303 728 1344 761 ab
1354 736 1434 761 ortu
1443 726 1555 761 versus
1569 726 1730 762 occasum
1746 725 1855 763 fluere
1869 740 1881 772 3
1897 728 1953 762 sed
1967 727 2002 762 in

276 773 509 809 Venetiarum
519 773 590 808 sinu
608 774 821 821 retorqueri,
836 774 872 810 ὅ(
881 774 1026 809 adlittus
1035 774 1138 809 ltaliae
1154 774 1270 810 versus
1279 785 1396 809 ortum
1412 786 1607 815 recurrere,
1617 776 1912 822 ideoquemoveri
1922 787 2004 823 qua-

278 822 301 857 si
319 821 539 858 circulariter.
592 823 690 857 Idem
699 824 821 858 dicunt
836 824 879 858 de
891 822 1150 858 Mediterraneo
1165 845 1176 862 ,
1192 824 1290 870 quod
1300 822 1401 870 juxta
1415 824 1560 870 Europae
1574 823 1707 863 littora,
1721 825 1836 860 versus
1844 824 2003 875 Hispani-

279 883 335 906 am
351 871 384 905 in
401 870 560 905 occasum
579 869 718 910 defluit,
734 872 768 905 in
785 871 856 906 sinu
873 881 990 906 tamen
1007 870 1178 919 Hispaniae
1197 870 1353 907 defletiit
1368 872 1462 907 secus
1477 872 1730 908 Ali-icaelittora
1745 873 1859 908 versus
1876 883 2006 908 ortum.

278 920 321 954 Et
335 920 406 954 hoc
421 929 517 966 putat
534 919 569 953 P.
582 920 724 954 Rhodes
738 943 747 959 ,
762 920 906 956 mirabili
921 921 1070 968 quadam
1090 921 1164 955 DEI
1184 921 1404 968 providentia
1419 919 1507 960 fieri,
1525 922 1569 955 ne
1583 933 1678 956 mare
1692 923 1733 956 ab
1749 931 1828 956 ortu
1844 923 1878 956 in
1894 920 2006 956 fluens

279 978 406 1003 terram
423 969 603 1012 obrueret3
619 968 680 1003 acsi
692 969 830 1008 DEUS,
848 969 908 1016 qui
922 969 1007 1004 mari
1018 970 1188 1004 terminos
1202 968 1399 1008 constituit,
1415 980 1505 1016 quos
1524 971 1681 1016 praeterie
1693 982 1766 1004 non
1775 971 1919 1018 poterit,
1934 970 2006 1005 hoc

280 1016 371 1064 quasi
388 1016 542 1051 circulari
559 1027 660 1051 motu
680 1018 867 1065 indigeret,
881 1027 920 1052 ut
929 1018 1031 1052 maris
1041 1018 1212 1065 impetum
1222 1018 1414 1053 cohiberet.
1466 1018 1770 1054 Conimbricenses
1779 1019 1863 1053 vero
1872 1017 2008 1053 causam

280 1063 385 1111 hujus
401 1064 573 1100 circularis
583 1075 701 1100 motus
719 1064 914 1112 conjiciunt
925 1066 961 1101 in
974 1067 1238 1101 occurrentium
1252 1066 1590 1113 impedimentorum
1606 1067 1911 1106 constitutionem,
1926 1078 2008 1101 nam

281 1114 364 1149 cum
380 1125 476 1161 aquae
493 1114 582 1148 inter
590 1124 695 1149 terras
710 1114 899 1154 conclusae,
910 1115 946 1150 ὅ(
961 1115 995 1149 in
1006 1114 1363 1163 littoraimpingentes
1377 1124 1547 1162 perpetuo
1556 1125 1681 1150 tenore
1693 1115 2009 1163 cierinequeantab

280 1172 359 1197 ortu
376 1162 410 1196 in
427 1162 587 1197 occasum
605 1175 616 1207 ς
632 1163 850 1210 consequens
865 1162 913 1198 est
926 1185 936 1204 ,
951 1173 990 1198 ut
1004 1164 1114 1212 prope
1131 1173 1237 1200 terras
1251 1162 1408 1199 flexuoso
1426 1163 1549 1199 itinere
1562 1164 1599 1199 in
1615 1176 1739 1211 gyrum
1752 1164 1956 1204 volvantur,
1971 1163 2008 1200 <Sc

276 1210 478 1247 circularem
494 1220 632 1246 motum
650 1212 840 1247 imitentur.
2008 1250 2011 1253 ,

379 1258 571 1294 Conclusio
587 1260 697 1298 tertia.
748 1260 931 1295 Secundus
946 1270 1082 1301 motus,
1096 1260 1206 1308 quiin
1219 1270 1372 1308 utroque
1386 1260 1490 1296 etiam
1504 1261 1590 1298 mari
1605 1260 1721 1296 visitur
1735 1281 1746 1299 ,
1764 1259 1812 1296 est
1826 1284 1836 1301 ,
1851 1272 1922 1308 quo
1938 1272 2010 1294 ma-

282 1319 320 1343 re
335 1307 353 1343 a
369 1307 603 1356 septentrione
613 1310 654 1343 ad
663 1308 826 1344 Austrum
845 1308 911 1344 sive
921 1310 1103 1344 meridiem
1114 1309 1168 1344 seu
1178 1310 1196 1344 a
1207 1309 1300 1344 Polis
1309 1311 1352 1344 ad
1360 1319 1572 1357 aequatorem
1590 1308 1730 1350 defluit,
1746 1319 1784 1346 ut
1794 1311 1899 1344 docet
1908 1308 2009 1344 Arist.

282 1356 344 1393 l.2.
361 1356 466 1403 hujus
476 1357 685 1404 operis&ex
700 1369 743 1392 eo
754 1357 971 1397 S.Thomas,
986 1358 1462 1407 AlbertusMagnus,aliique
1478 1359 1726 1394 communiter.
1778 1357 1924 1393 Constat
1940 1358 2012 1393 hoc

289 1406 502 1453 experientia
517 1418 528 1450 ;
546 1406 580 1440 in
597 1407 681 1440 mari
695 1407 952 1441 mediterraneo
970 1407 1064 1441 enim
1080 1418 1177 1454 aquae
1194 1407 1344 1454 apalude
1354 1407 1522 1441 Maeotide
1536 1405 1687 1440 influunt
1702 1407 1735 1440 in
1745 1406 1898 1442 Pontum
1911 1406 2012 1440 Euxi-

283 1466 390 1493 num,
406 1455 424 1488 ὰ
435 1453 550 1489 Ponto
562 1455 594 1488 in
602 1454 752 1503 AEgeum
763 1454 985 1503 ,abAEgeoin
995 1455 1282 1502 Siculum,usque
1291 1456 1333 1490 ad
1343 1455 1469 1489 fretum
1487 1454 1718 1492 Herculeum
1757 1456 1916 1490 Eundem
1934 1466 2012 1488 mo-

282 1513 359 1538 tum
370 1502 404 1536 in
415 1502 562 1539 Oceano
573 1513 739 1538 notarunt
749 1504 992 1543 Recentiores,
1008 1515 1050 1538 ex
1059 1515 1130 1550 quo
1142 1504 1305 1550 provenit
1313 1513 1351 1538 ut
1359 1503 1597 1551 navigationes
1607 1504 1625 1537 a
1635 1503 1869 1550 septentrione
1884 1513 1925 1537 ao
1938 1514 2011 1537 me-

283 1552 408 1586 ridiem
420 1563 448 1585 e.
463 1564 494 1599 g.
506 1563 547 1585 ex
558 1552 710 1599 partibus
719 1553 838 1587 Daniae
849 1551 884 1587 ὅ(
894 1551 1093 1587 Hollandiae
1103 1552 1136 1586 in
1146 1552 1343 1599 Hispaniam
1355 1549 1756 1598 sintvelocioresfquam
1773 1552 2012 1599 navigationes

283 1600 302 1634 a
312 1600 458 1634 meridie
465 1600 507 1634 ad
518 1600 788 1648 septentrionem
798 1611 868 1649 eg.
885 1611 927 1635 ex
934 1601 1085 1648 partibus
1099 1600 1270 1648 Hispania:
1280 1601 1314 1634 in
1324 1599 1549 1635 Hollandiam
1559 1599 1594 1634 ὅ(
1603 1601 1760 1636 Daniam.
1790 1601 1839 1635 Ut
1847 1602 2011 1635 reddatur

280 1648 365 1685 vero
374 1648 461 1683 ratio
476 1648 549 1683 talis
563 1660 694 1687 motus,

386 1698 595 1732 Notandum
608 1697 721 1736 venit,
735 1707 840 1743 aquas
851 1695 1020 1731 &omnes
1029 1696 1197 1730 humores
1214 1695 1246 1730 se
1261 1695 1393 1732 librare.
1445 1695 1600 1730 Libratio
1612 1694 1717 1742 porro
1727 1695 2009 1736 consistitinhoc,
2034 1702 2036 1704 ’

285 1755 324 1780 ut
334 1743 524 1781 secundum
536 1746 728 1793 supremam
740 1744 955 1792 superficiem
971 1744 1033 1780 sint
1047 1756 1146 1791 aeque
1160 1744 1233 1779 altae
1243 1767 1253 1784 ,
1265 1747 1320 1779 seu
1330 1755 1428 1791 aeque
1439 1744 1601 1779 distantes
1610 1745 1628 1778 a
1637 1755 1778 1783 centro,
1792 1745 1891 1783 ideo,
1908 1745 1927 1779 si
1943 1758 2011 1780 una

287 1805 364 1842 pars
380 1793 568 1841 superficiei
580 1805 675 1840 aquae
684 1794 839 1828 elevetur
847 1793 943 1842 supra
960 1793 1078 1832 aliam,
1088 1793 1196 1828 statim
1205 1805 1294 1840 aqua
1308 1793 1487 1828 descendit
1501 1793 1534 1827 in
1545 1802 1676 1839 partem
1692 1791 1958 1840 depressiorem,
1974 1793 2010 1828 ὅ(

287 1852 454 1880 movetur
469 1852 567 1877 motu
583 1842 772 1877 librationis
782 1854 848 1877 nec
859 1854 1012 1889 unquam
1027 1852 1242 1890 partesaquae
1252 1841 1449 1889 quiescunt,
1460 1840 1766 1881 donee-librentur,
1780 1841 1826 1877 ita
1840 1852 2012 1877 utomnes

288 1902 402 1941 partes
423 1890 718 1938 superficieiaeque
733 1890 884 1925 distenta
898 1900 1032 1926 centro.
1085 1890 1371 1937 Hocpraenotato

386 1939 528 1986 Triplex
544 1939 628 1974 ratio
640 1938 750 1974 afferri
766 1937 870 1985 hujus
880 1948 998 1974 motus
1007 1937 1130 1986 potest.
1182 1938 1298 1973 Primo
1306 1962 1317 1979 ,
1325 1939 1404 1986 quia
1413 1948 1501 1973 terra
1510 1937 1660 1977 Borealis
1668 1937 1768 1972 altior
1775 1937 1933 1974 censetur
1947 1937 2012 1974 esse

290 1988 443 2026 australi,
459 1988 611 2035 ideoque
627 1986 814 2023 neceslario
824 1989 865 2022 ab
882 1999 921 2022 ea
936 1998 1041 2034 aquas
1056 1987 1158 2023 dilabi
1174 1987 1209 2021 in
1220 2000 1301 2023 cava
1317 1987 1352 2023 ὃς
1370 1990 1607 2034 prolundiora.
1659 1987 1841 2025 Secundo,
1852 1988 1929 2034 quia
1938 1999 2011 2022 ver-

290 2038 343 2072 sus
351 2037 547 2084 Septentrio
554 2048 633 2072 nem
645 2037 786 2071 maximi
795 2047 889 2072 mare
897 2036 1043 2071 subeunt
1057 2034 1167 2075 fluvii,
1184 2036 1433 2071 utMaeotidem
1442 2036 1582 2075 Tanais,
1597 2034 1750 2069 Pontum
1762 2035 1934 2070 Euxinum
1944 2037 2011 2071 Da-

290 2086 430 2122 nubius.
481 2085 604 2120 Tertio
619 2109 629 2125 ,
643 2085 721 2133 quia
739 2084 797 2119 Sol
814 2084 915 2120 valde
931 2084 1108 2119 imminuit
1122 2084 1228 2119 maria
1240 2083 1480 2119 meridionalia
1493 2097 1553 2131 pei·
1564 2081 1904 2118 vehementiffimum
1921 2084 2012 2119 calo-

294 2146 368 2169 rem
380 2134 563 2169 extrahens
572 2134 753 2183 ingentem
764 2133 833 2168 vim
844 2144 1014 2180 vaporum
1025 2134 1113 2168 circa
1121 2133 1261 2176 Zonam
1272 2133 1437 2168 torridam
1445 2155 1454 2172 ,
1465 2135 1506 2167 ad
1518 2132 1787 2180 septentrionem
1798 2144 1881 2167 vero
1891 2144 2011 2181 parum

294 2183 473 2218 imminuit
487 2195 612 2229 aquam
627 2193 770 2230 propter
783 2181 905 2217 caloris
915 2181 1145 2221 debilitatem,
1160 2193 1244 2231 ergo
1255 2192 1293 2216 ut
1301 2192 1396 2229 aquae
1410 2180 1593 2220 librentur,
1603 2181 1637 2216 ὅ(
1654 2193 1726 2215 non
1743 2182 1846 2216 nimis
1861 2180 2015 2216 crescant

293 2232 329 2267 in
344 2230 526 2266 altitudine
541 2232 576 2265 in
592 2232 742 2266 maribus
759 2230 1096 2278 septentrionalibus,
1107 2230 1323 2266 ubimultum
1332 2228 1883 2277 augenturafluminibus,parum
1899 2230 2012 2265 minu-

293 2290 401 2316 untur
411 2281 428 2313 a
438 2279 518 2314 Sole
526 2303 535 2317 ,
547 2278 681 2315 necesse
697 2279 742 2314 est
750 2303 759 2318 ,
770 2290 806 2314 ut
816 2278 988 2318 defluant,
1003 2278 1117 2314 versus
1125 2279 1306 2314 meridiem
1315 2301 1326 2318 ,
1334 2288 1372 2313 ut
1382 2278 1558 2327 suppleant
1566 2278 1740 2313 desectum
1749 2290 1926 2326 aquarum,
1935 2290 2014 2314 cau-

292 2328 400 2364 satum
410 2329 444 2362 in
456 2329 604 2363 maribus
614 2328 899 2363 meridionalibus
909 2339 951 2363 ex
967 2326 1164 2372 elevatione
1171 2339 1352 2375 vaporum.

343 2376 500 2412 Observa
515 2386 633 2411 tamen
648 2377 744 2411 hunc
754 2386 892 2411 motum
902 2375 1110 2424 explicatum
1123 2376 1159 2411 in
1173 2376 1258 2412 locis
1273 2375 1374 2412 valde
1390 2375 1464 2411 latis
1479 2398 1490 2415 ,
1506 2373 1572 2410 esse
1586 2376 1740 2414 tardum,
1755 2384 1795 2410 ut
1810 2385 1909 2410 notat
1917 2374 2012 2410 Arist.

295 2438 336 2461 ac
349 2426 440 2474 pene
455 2425 679 2460 insensibilem
693 2448 703 2465 ,
719 2425 753 2460 in
762 2424 910 2473 angustis
925 2436 1010 2460 vero
1027 2423 1093 2459 esse
1108 2424 1211 2461 valde
1224 2424 1400 2464 velocem,
1416 2424 1659 2460 &sensibilem
1716 2424 1902 2458 Rationem
1917 2423 2015 2458 affert

296 2475 390 2510 idem
406 2473 637 2521 Philosophus
652 2496 662 2514 ,
684 2474 763 2521 quia
778 2484 816 2508 ut
830 2472 1199 2509 conserveturlibratio
1218 2485 1404 2520 aquarum,
1421 2471 1555 2508 necesse
1570 2471 1616 2506 est
1629 2494 1640 2510 ‚
1656 2482 1693 2506 ut
1712 2473 1841 2507 eodem
1854 2482 2014 2520 tempore

295 2523 608 2570 tantundemaquae
618 2522 863 2571 egrediaturex
876 2522 961 2556 mari
974 2521 1139 2569 angusto,
1154 2532 1324 2569 quantum
1343 2532 1384 2556 ex
1393 2520 1481 2561 lato,
1497 2520 1694 2567 alioquinin
1704 2521 1853 2556 maribus
1869 2520 2015 2569 angustis

296 2584 386 2619 aqua
401 2571 624 2606 excresceret.
690 2572 739 2606 Ut
751 2571 836 2606 vere>
851 2582 919 2605 una
934 2571 1021 2605 hora
1036 2580 1171 2605 tantum
1186 2581 1283 2614 aquae
1297 2570 1491 2618 egrediatur
1499 2581 1560 2616 per
1572 2568 1708 2605 alveum
1725 2569 1892 2616 centuplo
1906 2567 2014 2615 majo,

296 2632 389 2659 rem,
398 2630 567 2666 quantum
578 2620 754 2667 egreditur
766 2631 826 2667 per
834 2618 971 2654 alveum
982 2618 1149 2666 centuplo
1157 2619 1450 2657 minorem,debet
1459 2630 1546 2665 aqua
1554 2618 1720 2665 centuplo
1728 2617 1884 2654 velocius
1895 2628 2014 2652 move-

296 2669 325 2704 ri
340 2668 375 2703 in
384 2669 483 2703 alveo
494 2668 660 2716 centuplo
670 2668 798 2703 minori
807 2681 818 2712 3
832 2668 927 2702 unde
936 2666 1071 2702 necesse
1079 2666 1126 2702 est
1134 2689 1144 2707 ,
1155 2676 1194 2702 ut
1201 2678 1297 2714 aquae
1306 2668 1391 2702 dum
1408 2665 1566 2702 defluunt
1575 2677 1636 2713 per
1648 2666 1753 2701 maria
1764 2666 1841 2706 lata,
1849 2677 2013 2701 movean-

293 2727 350 2752 tur
359 2714 839 2756 tardiffime&insensibiliten
849 2727 931 2751 cum
939 2727 1023 2751 vero
1034 2716 1197 2750 diffluunt
1205 2727 1265 2764 per
1279 2715 1387 2751 maria
1400 2714 1557 2764 augusta,
1574 2725 1764 2749 moventur
1780 2714 1964 2755 velociter,
1979 2714 2015 2750 &

291 2764 498 2804 sensibiliter.

394 2812 585 2849 Conclufio
595 2822 725 2861 quarta.
776 2812 915 2848 Tertius
924 2822 1042 2847 motus
1055 2812 1157 2847 maris
1171 2811 1301 2852 estille,
1317 2823 1423 2859 quem
1440 2810 1557 2846 testum
1566 2810 1684 2846 usitata
1702 2809 1948 2859 significatione
1961 2823 2016 2858 ap—

292 2861 473 2910 pellamus,
525 2862 562 2896 M
569 2873 647 2897 otus
657 2863 714 2897 hic
724 2863 877 2897 marinus
887 2860 1078 2896 confistitin
1094 2872 1156 2901 eo,
1172 2861 1268 2908 quod
1278 2872 1373 2895 mare
1374 2858 1448 2907 jam
1456 2862 1498 2894 ad
1513 2859 1606 2894 littus
1615 2861 1778 2900 accedat,
1792 2871 1877 2894 mox
1890 2860 2014 2895 iterum

290 2911 533 2946 recedatNon
543 2909 712 2945 estautem
724 2921 802 2946 toto
813 2910 897 2945 mari
906 2908 1062 2957 aequalis,
1078 2921 1158 2944 nam
1173 2910 1207 2943 in
1217 2910 1423 2956 quibusdam
1433 2907 1595 2943 tratribus
1609 2917 1668 2943 aut
1683 2907 1797 2943 nullus
1813 2917 1871 2943 aut
1884 2907 2013 2955 perexi-

322 2970 386 2994 uus
401 2958 530 3003 existit3
552 2958 593 2995 sic
612 2959 761 2999 Maeotis,
770 2959 956 3006 Propontis
969 2981 980 2998 ,
995 2958 1147 2992 Euxinus
1161 2979 1172 2998 ,
1191 2969 1287 2992 mare
1302 2957 1465 3004 Caspium
1481 2956 1517 2991 <St
1535 2956 1685 3003 AEgeum
1708 2956 1804 2991 nullo
1820 2956 1959 2992 sensibili
1972 2967 2013 2991 ae-

325 3007 628 3053 ureciprocantur.
679 3007 976 3042 Mediterraneum
992 3017 1076 3041 vero
1091 3015 1206 3040 totum
1217 3005 1360 3040 notabili
1375 3015 1469 3040 caret
1480 3004 1560 3039 aestu
1575 3027 1585 3045 ,
1600 3003 1783 3052 praesertim
1799 3005 1836 3040 in
1856 3016 1917 3040 ora
1933 3003 2011 3040 Gal-

298 3054 380 3095 lica,
400 3055 513 3090 Italica
522 3056 557 3090 &
574 3054 768 3102 Hispanica.
786 3056 824 3090 In
835 3054 1073 3092 fineAdriatici
1083 3064 1200 3089 tamen
1210 3054 1495 3101 propeVenetias
1504 3053 1552 3088 est
1567 3053 1728 3088 notabilis
1743 3053 2013 3094 intumescentia,

298 3103 335 3138 in
344 3104 497 3151 opposita
507 3116 589 3138 vero
599 3114 694 3151 parte
711 3104 877 3139 Adriatici
887 3115 959 3138 non
969 3103 1154 3150 respondet
1167 3102 1265 3137 aestus
1274 3102 1422 3149 aequalis.
1474 3102 1573 3137 Mare
1580 3101 1772 3137 Balthicum
1781 3123 1791 3141 ,
1806 3102 1862 3136 cui
1880 3101 1912 3137 se
1927 3102 1978 3137 int

295 3152 447 3193 Daniam
463 3152 497 3189 ὅ(
506 3153 541 3189 N
545 3153 736 3202 ortvegiarn
746 3153 898 3189 intundit
906 3152 1088 3194 Oceanus,
1105 3150 1240 3187 nullum
1248 3151 1377 3199 patitur
1391 3150 1522 3191 aestum.
1572 3150 1613 3186 In
1620 3150 1768 3187 Oceano
1779 3161 1864 3187 vero
1872 3151 1914 3186 ad
1922 3150 2011 3186 litto-

1976 3204 2012 3235 xa
