2054 3496
683 183 1253 294 *Philosophico-Politica.
1708 222 1795 274 261

71 297 222 345 denique
236 298 270 333 in
280 298 378 347 virga
388 297 459 334 auri
476 300 688 336 mercurium
706 301 907 336 imbibente.
960 300 1008 338 Ex
1025 300 1076 334 liis
1088 300 1178 334 enim
1191 298 1318 346 exponi
1329 298 1392 333 rite
1407 298 1519 345 potest
1532 297 1791 346 introsusceptio

70 346 140 380 line
150 347 381 394 vegetatione,
434 347 632 383 Confirmat
643 350 713 383 hoc
725 357 923 394 utrumque,
933 356 970 382 ut
979 349 1134 382 observat
1142 347 1323 382 Hamelius
1333 347 1425 393 phys
1433 355 1516 398 part.
1526 359 1554 384 2,
1564 357 1629 391 tr.3.
1639 348 1681 382 de
1692 344 1792 384 foffil.

67 405 98 428 c.
107 405 129 436 5.
142 395 172 428 in
191 394 567 441 letcrminatalapidum
585 396 773 443 figura,vix
782 396 876 430 enim
886 406 1011 442 corpus
1027 406 1156 431 certam
1171 395 1408 442 &regularem
1424 395 1567 441 figuram
1585 395 1790 441 adipiscitur.

70 441 119 476 Ita
130 442 232 477 {ilices
244 442 430 489 aliquando
440 443 523 476 alios
539 443 670 490 lapillos
685 443 878 491 pellucidos
894 454 936 478 ex
953 441 1053 478 succo
1068 443 1197 491 puriori
1213 442 1433 489 &percolato
1450 441 1681 477 coalescentes
1699 445 1790 477 intus

69 490 288 525 concludunt
299 513 308 529 ,
328 491 503 524 interdum
521 490 592 525 aliis
609 491 841 530 succrescunt,
855 491 891 526 ὃ(
906 491 1018 538 plures
1028 492 1123 526 velut
1137 502 1179 525 ex
1194 491 1316 525 eadem
1326 490 1468 525 matrice
1477 491 1673 538 exsurgunt.
1697 491 1790 526 Hinc

65 537 120 572 vel
139 538 172 571 in
183 537 253 584 ipso
264 538 629 573 adamanteinterdum
645 538 872 574 commissurae
886 539 922 575 ὅ(
940 538 1031 574 fibrae
1049 538 1308 585 conspiciuntur
1321 560 1331 576 ,
1353 547 1390 573 ut
1398 537 1718 584 transverlimjuxta
1732 549 1788 572 eas

66 584 163 619 velut
174 585 274 621 fibras
289 587 305 620 fx
316 587 432 633 peritis
443 585 628 621 artificibus
643 586 727 621 findi
737 584 885 634 possint3
904 587 947 622 fic
958 587 1060 621 etiam
1071 586 1227 621 distinete
1246 587 1404 621 videmus
1421 586 1455 620 in
1466 585 1658 633 lapicidinis
1667 585 1789 621 nostris

65 633 278 681 vulgaribus,
293 634 350 668 ubi
363 631 520 668 craffiora
535 634 607 669 saxa
618 645 786 670 eruuntur
797 657 806 674 ,
818 635 929 682 plures
940 633 1292 681 ejusmodiplaniores
1305 632 1516 681 superficies,
1533 635 1576 669 ad
1586 635 1733 669 modum
1744 634 1790 668 la-

7 718 9 723 y
65 681 238 716 minarum
250 681 304 716 [ibi
315 682 464 717 invicem
475 678 750 722 commissarum,
761 683 901 718 coalitas
911 683 945 717 ὅ(
957 692 1140 717 concretas
1152 682 1364 717 transverfim
1375 681 1469 729 poni.
1523 682 1618 716 Idem
1628 683 1788 717 videmus
1843 721 1846 725 Δ

66 729 101 763 in
117 729 304 775 lapidibus,
320 730 422 777 quiin
439 730 887 778 animalibusreperiuntur,
905 730 1012 777 qualis
1027 731 1073 765 est
1090 730 1145 764 ille
1159 731 1367 764 admirandae
1382 730 1514 764 virtutis
1530 730 1612 778 lapis
1628 730 1662 764 in
1679 731 1789 777 capris

66 777 195 812 Indicis
212 778 247 812 ὅ(
262 777 399 812 Perlicis
408 779 563 826 generari
579 778 695 813 solitus
709 778 866 814 &Bezoar
881 777 1013 822 diclu53
1028 787 1086 813 aut
1103 778 1148 812 illi
1164 801 1173 817 ,
1190 779 1248 826 qui
1269 790 1311 812 ex
1325 777 1405 812 felle
1418 779 1526 812 boum
1550 788 1732 826 tantopere
1754 790 1788 814 e·

0 831 8 863 ζ
64 835 222 864 ruuntur⁴
274 825 321 860 Hi
338 837 431 861 enim
441 826 596 874 plerique
603 827 781 862 tunicatim
793 826 828 862 ὅ(
837 826 926 873 quali
935 838 998 874 per
1007 827 1225 861 membranas
1239 826 1463 861 concrescere
1478 825 1598 861 solent.

165 921 310 968 Quaeres
326 922 459 969 primo:
475 924 581 958 Unde
592 922 742 970 lapidum
759 922 889 957 oriatur
905 921 1014 970 figura
1027 921 1041 960 5
1056 921 1259 962 Resondeo,
1276 921 1468 968 Chymicos
1485 921 1628 969 figuram
1643 924 1734 958 hanc
1752 923 1789 957 in

65 970 135 1006 vim
147 970 364 1017 plasticam&
376 971 608 1006 formatricem
626 971 763 1006 referre.
813 970 880 1006 Alii
897 970 1090 1006 adscribunt
1110 970 1585 1017 accurratioripercolationi‚
1603 983 1670 1016 qua
1686 971 1788 1005 unius

65 1028 202 1053 tantum
220 1028 320 1059 certae
331 1018 447 1067 figurae
462 1019 635 1066 particulae
643 1020 677 1054 in
688 1031 798 1054 unum
808 1019 1025 1067 colligantur,
1035 1019 1069 1054 ὅ(
1078 1027 1385 1067 coagmententur,
1395 1018 1492 1064 quod
1503 1028 1544 1051 ex
1555 1018 1675 1052 cubica
1685 1018 1786 1064 chry-

64 1066 285 1103 stallizatione
295 1067 364 1104 [alis
375 1068 574 1105 communis
584 1067 698 1116 colligi
716 1067 838 1115 potest.
890 1067 1107 1102 Censentalii
1116 1066 1260 1115 figuram
1271 1067 1361 1101 lianc
1370 1064 1465 1100 aloci
1475 1065 1535 1099 litu
1547 1065 1696 1105 desumi,
1707 1077 1788 1100 nam

64 1115 186 1150 succus
202 1114 394 1162 lapidificus
411 1117 457 1151 sui
474 1116 543 1152 loci
560 1115 706 1165 figuram
722 1117 835 1150 induit
848 1138 859 1156 ,
872 1117 960 1156 adeo
977 1126 1015 1151 ut
1029 1116 1165 1151 necefle
1181 1127 1255 1150 non
1271 1114 1307 1149 lit
1321 1115 1362 1148 ad
1382 1113 1531 1161 spiritum
1555 1112 1787 1160 lapidificum,

63 1163 117 1199 vel
134 1164 287 1199 rationes
304 1164 479 1200 seminales
496 1175 683 1202 recurrere.
734 1167 820 1200 Non
839 1174 956 1199 tamen
973 1175 1098 1199 omnes
1107 1163 1268 1206 omniu-m
1286 1162 1439 1210 lapidum
1456 1161 1572 1209 figurae
1589 1164 1606 1196 ἐι
1623 1161 1706 1197 loco
1723 1162 1788 1197 du-

63 1221 208 1251 cuntur,
218 1213 272 1247 sed
281 1213 404 1260 partim
413 1214 455 1248 ab
463 1213 532 1260 ipso
543 1213 636 1253 loco,
647 1225 728 1248 cum
738 1211 811 1259 ejus
822 1222 985 1260 tanquam
996 1212 1077 1248 valis
1087 1211 1203 1260 figurae
1215 1211 1356 1246 materia
1366 1210 1430 1245 sese
1438 1211 1702 1250 accommodat,
1711 1222 1787 1257 par-

61 1260 126 1295 tim
140 1260 287 1296 acaloris
298 1261 350 1296 vel
361 1262 510 1297 materiae
519 1262 711 1297 diversitate
728 1262 898 1298 oriuntur.
952 1262 1045 1297 Hinc
1055 1262 1169 1295 Hamel
1181 1260 1449 1295 Rotunditatem
1460 1258 1612 1306 lapidum
1629 1259 1733 1293 calori
1741 1270 1788 1294 ae-

63 1320 137 1356 quo
154 1310 341 1344 humorem
356 1310 565 1357 expellenti,
580 1309 801 1345 &materiam
813 1309 860 1344 sui
874 1309 1015 1344 fimilem
1035 1309 1203 1357 l'ubigenti
1223 1307 1390 1343 adscribit.
1458 1307 1562 1342 Unde
1581 1305 1684 1353 hujus
1700 1306 1788 1357 figu.

63 1368 108 1392 rae
122 1357 252 1405 lapides
272 1370 313 1393 ex
323 1359 434 1411 parvis
449 1360 599 1406 primum
610 1359 713 1393 initiis
728 1358 940 1395 incrementa
952 1358 1104 1397 (uniunt,
1121 1358 1188 1392 live
1201 1356 1375 1404 aequaliter
1385 1355 1504 1390 succus
1519 1355 1733 1396 affundatur,
1750 1355 1788 1391 fi-

63 1417 106 1441 ve
121 1417 164 1440 cx
174 1406 405 1443 minutiflimis
414 1406 821 1456 compingaturarenuliS.
873 1407 1028 1454 Qando
1042 1417 1125 1442 vcro
1137 1417 1210 1440 non
1226 1404 1347 1441 caloris
1362 1404 1414 1443 vi,
1432 1403 1463 1438 se
1479 1403 1618 1439 aliunde
1634 1404 1787 1440 humidi-

63 1463 114 1489 tas
125 1453 261 1489 exhalat
274 1454 310 1490 &
326 1455 487 1503 exspirat,
497 1466 585 1491 tunc
594 1455 677 1490 dicit
686 1455 742 1489 hic
753 1455 909 1494 Author,
920 1458 1016 1501 quod
1025 1454 1154 1502 lapides
1164 1454 1198 1488 in
1210 1452 1360 1488 diversos
1375 1454 1499 1488 abeant
1507 1452 1671 1499 angulos,
1682 1452 1789 1500 idque

64 1514 108 1538 eo
124 1502 197 1537 fere
211 1503 341 1543 modo,
360 1515 430 1551 quo
439 1504 598 1538 videmus
607 1503 736 1538 nitrum
746 1512 849 1549 atque
858 1503 920 1537 alia
931 1503 1046 1538 laliurn
1058 1514 1187 1551 genera
1201 1502 1235 1538 in
1250 1502 1357 1537 varias
1374 1500 1547 1536 efformari
1557 1500 1711 1548 cuspides
1726 1513 1737 1546 3
1752 1500 1790 1536 [i-

64 1552 207 1599 quidem
220 1552 370 1586 humore
383 1552 546 1600 paulatim
554 1553 598 1587 ad
608 1551 771 1586 interiora
782 1549 985 1586 confluente
991 1560 1104 1600 partes
1118 1550 1267 1587 leviores
1277 1550 1320 1585 ad
1329 1549 1499 1585 exteriora
1514 1549 1569 1585 vel
1579 1549 1788 1598 angulorum

64 1600 179 1649 apices
194 1601 460 1648 protruduntur,

152 1697 299 1745 Qaercs
315 1696 479 1733 secundo.
530 1696 806 1732 Undecolorum
822 1695 1035 1744 inlapidibus
1045 1696 1189 1733 varietas
1204 1697 1217 1731 ἓ
1237 1694 1466 1742 Respondeo,
1485 1695 1566 1731 oriri
1580 1695 1670 1731 illam
1687 1695 1790 1732 exdi—

63 1745 159 1781 versa
180 1745 269 1781 succi
282 1744 520 1793 lapidescentis
533 1745 773 1793 percolatione
786 1767 796 1784 ,
812 1747 908 1780 unde
924 1745 1073 1780 diversus
1091 1745 1216 1792 opaci,
1233 1744 1269 1780 <Sc
1284 1744 1445 1791 diaphani
1460 1745 1585 1792 gradus
1601 1745 1789 1784 inducitur.

64 1795 236 1843 Analogia
251 1793 297 1829 est
313 1795 348 1829 in
364 1793 507 1829 floribus
523 1817 534 1835 ,
550 1794 609 1829 ubi
622 1794 741 1830 exsola
751 1793 840 1829 succi
855 1793 982 1829 diversa
1002 1793 1240 1842 percolatione
1255 1803 1325 1828 tam
1342 1792 1524 1828 versicolor
1540 1792 1668 1840 species
1682 1794 1789 1829 oculo

64 1843 272 1880 infunditur.
323 1843 500 1879 Caeterum
515 1852 650 1878 cerrum
667 1842 768 1878 etiam
784 1841 831 1877 est
846 1842 977 1890 primo,
992 1854 1063 1889 quo
1080 1841 1200 1877 succus
1209 1841 1360 1889 lapidum
1369 1841 1567 1888 purioribus
1575 1841 1682 1877 veluti
1690 1841 1788 1877 semi-

64 1904 150 1926 num
168 1891 342 1939 particulis
360 1891 511 1932 constat,
529 1890 771 1938 pellucidiores
788 1890 892 1925 etiam
907 1889 1036 1938 lapides
1046 1889 1275 1939 consurgunt,
1288 1900 1359 1936 quo
1373 1900 1458 1924 vero
1469 1889 1790 1937 impuriorimiscel-

64 1940 96 1975 la
111 1941 216 1976 foetus
234 1940 298 1980 est,
315 1951 359 1975 eo
373 1940 478 1975 etiam
493 1939 709 1975 obscuriores
731 1938 927 1974 nascuntur.
992 1940 1159 1975 Secundo
1173 1961 1182 1978 ,
1200 1948 1335 1973 certum
1352 1937 1454 1973 etiam
1479 1937 1527 1972 est
1540 1960 1550 1978 ,
1567 1939 1664 1985 quod
1685 1938 1788 1987 saepe,

66 1988 170 2025 succo
185 1989 357 2036 lapidum,
374 1990 458 2024 dum
477 1988 593 2024 adhuc
609 1986 735 2023 fluidus
751 1987 815 2028 est,
830 1986 995 2022 minerale
1004 1988 1183 2034 quoddam
1197 1986 1392 2022 coloratum
1406 1984 1710 2034 admisceripoffit,
1726 1999 1788 2023 eo-

67 2049 136 2084 que
151 2037 340 2073 adventitio
362 2037 544 2085 pigmento
561 2036 678 2072 imbuiv
744 2037 850 2071 Unde
862 2047 1010 2084 gemmae
1027 2035 1203 2070 coloribus
1212 2035 1391 2083 variegatae
1414 2046 1489 2070 non
1505 2034 1610 2083 longe
1624 2035 1644 2071 a
1659 2035 1787 2072 fodinis

67 2085 286 2121 mineralium
300 2096 480 2121 eruuntur.
543 2085 640 2120 Hinc
655 2084 813 2132 quaedam
835 2084 1022 2131 aliquando
1045 2084 1168 2131 partim
1185 2083 1341 2118 tintilurae
1357 2092 1512 2130 expertes
1526 2083 1602 2118 sunt
1621 2085 1668 2119 ob
1690 2085 1786 2120 defe-

68 2133 163 2169 &um
180 2134 358 2183 pigmenti.
408 2133 546 2174 Tertio,
565 2133 812 2169 resundietiam
830 2132 982 2179 lapidum
997 2133 1133 2168 colores
1142 2130 1281 2180 poffunt
1289 2131 1323 2166 in
1335 2132 1466 2166 varium
1476 2143 1599 2167 eorum
1615 2141 1788 2181 tempera-

69 2192 248 2223 mentum,
264 2184 461 2230 variamque
475 2182 614 2218 luminis
631 2179 999 2218 externireflexionem
1011 2182 1057 2216 ob
1068 2180 1231 2217 diversam
1247 2178 1534 2227 corpusculorum
1551 2179 1697 2230 figuram
1710 2204 1721 2223 ,
1743 2193 1787 2220 ex

69 2232 195 2279 quibus
206 2229 332 2279 lapides
343 2230 627 2280 compinguntur.

168 2329 311 2375 Qaeres
331 2327 451 2363 tertio:
467 2326 733 2375 Undelapidum
747 2325 1131 2374 proveniatfriabilitas?
1148 2323 1377 2373 Respondeo,
1395 2324 1527 2361 desumi
1542 2326 1787 2363 bancaleviori

69 2385 195 2411 mutuo
212 2376 358 2423 pardum
371 2375 532 2422 implexu.
585 2376 689 2415 Unde
702 2387 763 2423 per
776 2374 1045 2422 microscopium
1061 2373 1201 2422 inspefi’ti
1213 2384 1378 2428 apparent
1393 2373 1427 2408 in
1441 2373 1504 2409 illis
1518 2374 1625 2410 veluti
1639 2376 1788 2411 arenula:

67 2425 259 2472 pellucidae.
312 2424 539 2460 Contrarium
553 2424 698 2471 experiri
712 2423 801 2459 estin
817 2423 982 2465 metallis,
997 2435 1103 2471 quarn
1113 2423 1159 2458 ob
1175 2423 1309 2461 causam
1323 2421 1449 2458 malleo
1465 2424 1608 2459 contusa
1621 2424 1677 2460 vix
1687 2424 1786 2460 didu-

67 2483 205 2511 cuntur.

169 2571 314 2618 Qaeres
328 2580 462 2618 quarto.
513 2569 620 2605 Unde
640 2569 847 2618 magnitudo
869 2567 905 2604 &
921 2568 1090 2606 distinctio
1111 2568 1263 2617 lapidum
1278 2568 1291 2604 ?
1305 2567 1534 2616 Respondeo,
1556 2568 1675 2604 haberi
1695 2570 1788 2606 hanc

68 2619 190 2667 partim
201 2622 219 2654 a
235 2621 382 2654 materiae
391 2615 599 2657 diversitate,
618 2619 741 2666 partim
762 2620 780 2654 ’.ὶ
794 2617 863 2653 1οεί
874 2618 1034 2653 naturalis
1050 2618 1293 2666 dispofitione,
1309 2616 1567 2665 majores'e'nim
1582 2617 1787 2667 exsurgunt,

70 2668 152 2703 cum
173 2667 273 2703 locus
289 2667 336 2702 est
351 2666 505 2707 solidior,
521 2667 556 2703 &
573 2666 660 2703 succi
679 2668 779 2714 copia
798 2666 947 2701 uberior.
1016 2667 1111 2702 Cum
1136 2677 1251 2702 autem
1267 2665 1364 2701 locus
1379 2666 1496 2701 multis
1515 2666 1586 2701 hiat
1603 2668 1790 2708 meatibus,

71 2725 146 2751 tum
162 2716 255 2751 calor
270 2728 329 2764 per
343 2717 415 2753 liaec
433 2715 594 2765 spiracula
609 2716 757 2751 difflatus
772 2715 875 2763 ipsam
890 2716 1068 2752 materiam
1084 2716 1221 2756 dividit,
1236 2726 1303 2750 nec
1318 2714 1532 2751 tantaemolis
1545 2714 1675 2762 lapides
1684 2715 1788 2753 effor-

74 2765 158 2800 mari
177 2764 260 2803 finit.

172 2860 318 2908 Qaeres
333 2859 457 2908 quinto
473 2874 481 2895 :
505 2860 596 2908 Qs
611 2860 710 2896 locus
732 2860 885 2909 lapidum
900 2860 1198 2896 concrescentium
1215 2858 1279 2897 fit?
1296 2858 1503 2908 Respondeo
1519 2882 1529 2900 ,
1544 2860 1640 2896 hunc
1654 2859 1789 2896 varium

75 2907 160 2948 esse,
174 2911 289 2957 primo
299 2911 390 2944 enim
408 2909 442 2943 in
459 2909 588 2944 fodinis
601 2909 737 2944 illorum
754 2906 926 2957 potiffima
947 2909 1041 2944 sedes
1058 2908 1116 2948 est,
1166 2908 1329 2943 Secundo
1344 2908 1379 2943 in
1394 2909 1489 2956 aquis
1504 2919 1542 2943 ut
1556 2907 1734 2944 corallium
1749 2908 1787 2945 ὅς

76 2958 217 3005 quidam
235 2957 350 2993 filices.
399 2957 537 2996 Tertio,
553 2958 753 2993 inhumano
770 2969 935 3004 corpore,
949 2958 1007 2992 ubi
1025 2957 1109 3005 saepe
1123 2968 1193 2993 ovo
1203 2957 1402 3005 grandiores
1416 2957 1647 2995 inveniuntur.
1673 2956 1787 3003 Qar-

75 3019 115 3045 to
124 3029 134 3045 ,
150 3007 184 3041 in
192 3006 263 3041 aliis
274 3006 428 3054 corporis
438 3006 575 3042 animati
586 3006 754 3053 partibus,
768 3015 807 3040 ut
822 3006 856 3040 in
864 3006 1003 3041 bufonis
1013 3008 1141 3054 capite,
1151 3005 1280 3041 cancris
1289 3005 1356 3041 ἃς.
1407 3005 1545 3053 Quinto
1560 3006 1746 3041 demumin
1759 3004 1787 3042 i.-

74 3057 130 3107 pfa
140 3055 241 3092 etiam
252 3055 396 3091 nubium
405 3055 550 3104 regione
558 3077 568 3096 ,
582 3055 642 3091 ubi
650 3054 807 3092 fulminei
817 3052 964 3102 lapides,
980 3064 1018 3090 ut
1027 3066 1069 3090 ex
1077 3054 1174 3090 dietis
1183 3062 1276 3102 patet
1284 3076 1294 3095 ,
1303 3054 1487 3090 cuduntur.

903 3169 938 3206 K
945 3169 970 3206 1<
986 3180 1000 3216 3
1638 3166 1782 3214 Quaeres
