2054 3496
6 3107 20 3143 l

634 224 1204 298 Philosophico-Politica.
1704 233 1792 302 165

145 305 337 343 Conclufio
352 306 464 343 tertia.
523 305 703 344 Credibile
719 309 767 345 est
783 333 794 350 ,
811 310 909 357 quod
923 310 1066 345 Author
1081 319 1211 345 naturae
1226 310 1326 345 Deus
1342 310 1383 345 ab
1405 307 1475 356 ipso
1485 311 1607 346 mundi
1621 313 1787 354 exordio,

48 357 191 406 quando
199 356 304 391 tertio
313 357 370 392 die
384 357 612 404 congregavit
628 369 731 405 aquas
741 358 777 393 in
790 357 911 393 locum
922 370 1050 398 unum,
1062 358 1129 393 toti
1142 369 1239 406 aquae
1255 357 1298 393 sal
1311 358 1484 406 liquidum
1499 359 1720 396 admiscuerit
1739 363 1784 397 ad

47 403 190 454 piscium
208 404 314 440 vitam
327 427 338 445 ,
352 404 388 441 &
404 414 527 439 contra
541 407 765 452 putredinem
780 417 888 454 aquat.
939 407 1043 441 Ratio
1058 406 1106 441 est
1120 429 1130 448 ,
1155 407 1235 454 quia
1247 418 1290 442 ex
1303 406 1510 442 admistione
1525 407 1612 443 illius
1627 410 1784 457 corporis

45 465 135 501 aqua
146 452 185 488 fit
202 452 401 500 salla,quod
415 453 498 489 curn
513 452 701 501 separatur,
716 455 831 490 evadit
847 453 997 503 insipida.
1049 455 1189 490 Deinde
1197 455 1277 503 quia
1290 466 1332 490 ex
1349 467 1438 502 aqua
1453 457 1555 490 maris
1563 468 1665 492 verus
1675 457 1716 493 sal
1725 469 1782 493 ex-

45 501 202 541 trahitur,
213 502 297 536 dum
314 502 350 536 in
360 501 568 549 quibusdam
584 502 756 538 littoribus
770 502 886 538 aestivo
904 513 1066 551 ternpore
1080 504 1182 538 maris
1198 515 1285 550 aqua
1300 504 1334 538 in
1353 504 1531 551 planitiem
1549 504 1700 552 aliquam
1714 506 1784 544 late

45 549 214 589 funditur,
223 549 452 590 &retinetur,
467 560 554 586 tunc
562 551 656 586 enim
666 551 755 586 Solis
764 551 879 587 calore
888 561 1094 599 evaporatur
1108 563 1215 599 aqua,
1234 551 1270 588 ὅ(
1288 564 1415 600 magna
1427 551 1634 600 relinquitur
1643 553 1713 589 salis
1722 566 1783 590 co-

46 597 122 646 pia,
135 598 229 633 idern
243 597 316 633 fieri
333 597 447 646 potest
461 610 522 646 per
535 598 762 640 alembicum,
781 611 853 647 quo
863 599 1117 635 fimoderatum
1132 599 1251 649 ignem
1267 601 1626 649 adhibea8,excipitur
1639 614 1728 650 aqua
1743 614 1782 638 o-

49 647 176 683 mnino
185 658 287 694 pura,
300 646 379 683 &in
394 647 507 682 fundo
522 647 604 683 vafis
620 648 826 696 relinquitur
833 647 898 683 Sal.

141 696 285 743 Qaeras
293 705 412 732 tamen
420 696 553 736 adhuc,
568 698 664 732 unde
673 696 807 744 hicipse
820 695 935 744 liquor
948 696 1045 731 [alsus
1059 705 1158 732 ortus
1175 695 1234 735 sit?
1248 695 1348 745 Resp.
1365 697 1531 733 credibile
1547 697 1594 733 est
1607 698 1783 747 liquorem

44 744 143 781 hunc
157 753 275 779 ortum
291 742 421 780 cffevel
437 744 519 779 oriri
532 744 681 792 potuiffe
691 757 733 780 ex
751 744 852 793 copia
860 744 1139 785 exhalationum,
1156 756 1240 792 quas
1251 746 1348 781 Deus
1363 757 1406 781 ex
1423 757 1511 793 aqua
1525 745 1636 782 subito
1652 746 1781 783 elicuit.

46 792 188 829 Deinde
201 791 299 828 causa
310 790 378 827 effe
391 792 522 840 potest,
536 794 616 841 quia
625 793 722 843 ignes
736 794 849 834 nitro,
864 793 1036 834 alumine,
1058 794 1230 829 bitumine
1243 795 1367 829 ardent
1381 794 1439 830 sub
1454 795 1539 830 mari
1552 794 1783 844 efficiuntque

44 841 202 889 saporem
211 841 308 877 hunc
324 840 441 876 salsum
451 840 769 882 &amarulentum,
786 842 980 877 accedente
994 851 1158 890 praeterea
1172 843 1303 877 torrida
1316 842 1350 879 vi
1366 843 1454 877 Solis
1464 866 1474 883 ,
1492 854 1568 889 quae
1583 843 1783 880 salsedinem

44 889 199 926 intendit
208 890 399 937 coquendo
409 889 446 926 ὅ(
454 891 706 939 congregando
720 890 951 926 bituminosos
962 890 1113 937 spiritus,
1122 892 1218 926 unde
1226 888 1339 937 major
1347 890 1472 927 salsedo
1481 891 1529 926 est
1544 893 1602 927 sub
1611 904 1702 928 zona
1709 903 1782 929 tor-

44 938 129 976 rida.
178 939 287 973 Addit
296 938 332 976 P.
343 938 488 975 Maurus
497 961 507 979 ,
516 940 613 986 quod
625 939 709 974 sicut
717 939 752 974 in
762 948 851 974 terra
861 939 975 986 plures
985 940 1019 974 in
1048 950 1148 975 entes
1158 939 1229 974 [alis
1240 940 1382 975 minerae
1390 940 1613 988 reperiuntur
1621 964 1631 982 ,
1640 941 1682 977 fic
1691 942 1727 977 in
1736 953 1781 977 eo

44 987 199 1022 maximo
209 986 315 1035 spatio
334 997 520 1028 terrarum,
538 989 636 1035 quod
650 988 778 1036 tegitur
790 988 891 1028 mari,
907 987 984 1022 sunt
996 1000 1019 1036 p
1034 988 1152 1023 urimae
1167 988 1308 1023 minerae
1324 987 1414 1029 salis,
1430 990 1527 1037 quod
1542 1001 1624 1025 curn
1640 991 1682 1025 ab
1691 1002 1782 1038 aqua

2 1033 6 1078 J
44 1033 179 1083 liquefit
189 1036 303 1070 reddit
316 1035 407 1071 illam
417 1034 547 1071 salsam:
566 1036 660 1072 unde
674 1037 779 1072 etiam
796 1048 839 1072 ex
854 1048 918 1077 eo,
932 1037 1029 1084 quod
1046 1037 1204 1084 quaedam
1217 1037 1323 1073 maria
1332 1037 1513 1072 abundent
1529 1037 1683 1084 pluribus
1696 1061 1706 1079 ,
1721 1049 1782 1075 aut

3 1083 5 1093 ¹
45 1083 266 1133 paucioribus
281 1085 422 1119 mineris
439 1084 510 1120 salis
524 1107 534 1124 ,
551 1083 626 1119 fieri
642 1084 754 1133 potest
767 1108 778 1124 ,
799 1095 838 1120 ut
847 1085 909 1120 sint
922 1085 1031 1133 magis
1045 1095 1104 1120 aut
1120 1085 1235 1120 minus
1251 1084 1336 1121 salsa.
1387 1084 1630 1122 Confirmatur
1649 1087 1721 1123 hoc
1737 1097 1782 1124 ex

2 1135 6 1180 j
44 1132 342 1168 relationelnsulae
359 1135 473 1167 Ormus
488 1133 604 1173 dietae,
626 1145 702 1182 qua:
719 1133 804 1168 nihil
819 1145 910 1181 pene
929 1133 1096 1173 estaliud,
1111 1143 1341 1182 praeterquam
1357 1134 1463 1170 durus
1482 1134 1519 1170 ὅ(
1534 1135 1704 1171 candidus
1719 1136 1780 1177 sal,

2 1182 5 1223 ἶ
47 1192 90 1217 ex
104 1193 176 1228 quo
193 1182 284 1217 aedes
295 1181 370 1230 ipsae
384 1180 639 1222 conficiuntur,
658 1183 709 1218 uti
725 1194 841 1230 neque
857 1182 945 1217 ullus
959 1183 1063 1217 etiam
1081 1182 1115 1217 in
1124 1182 1286 1230 praedicsta
1297 1181 1408 1218 Insula
1417 1193 1544 1231 puteus
1554 1195 1650 1231 aquae
1667 1184 1780 1221 dulcis

5 1257 8 1259 Α
47 1230 227 1278 reperitur.
278 1231 384 1265 Unde
399 1229 469 1265 salis
486 1231 624 1278 copiam
633 1231 772 1266 marinis
782 1231 878 1279 aquis
898 1230 1326 1267 l'ubeffevideturcertum.

143 1279 288 1326 Quaeres
297 1279 423 1326 primo,
473 1279 547 1314 Cur
563 1290 605 1314 ex
614 1280 725 1327 puteis
737 1280 827 1315 circa
838 1291 933 1314 mare
942 1277 1070 1314 effoffis
1080 1279 1199 1315 dulces
1210 1280 1412 1315 hauriantur
1426 1278 1543 1315 latices
1557 1302 1568 1320 ,
1587 1280 1645 1316 etsi
1662 1279 1680 1315 a
1692 1281 1780 1317 mari

5 1334 8 1348 ³
49 1326 257 1375 plerumque
265 1328 419 1363 derivati.
474 1327 685 1375 Reipondeo
695 1350 705 1368 ,
715 1328 889 1363 rationem
899 1326 975 1368 effe,
984 1328 1062 1376 quia
1070 1339 1258 1376 perarenas
1270 1326 1401 1374 trajecti
1410 1328 1445 1363 ὅ(
1454 1328 1622 1376 pei-colati
1630 1339 1780 1366 terream

5 1412 7 1417 A
44 1374 136 1411 illam
155 1376 424 1412 concretionem
441 1386 587 1411 exuunt.
638 1377 723 1411 Ideo
733 1386 771 1412 ut
785 1376 830 1412 ait
838 1376 969 1411 Plinius
988 1376 1044 1415 lib.
1054 1388 1093 1415 21-
1103 1388 1132 1412 c.
1140 1378 1173 1415 6.
1188 1376 1335 1412 demiffae
1351 1377 1386 1411 in
1397 1389 1490 1411 mare
1498 1377 1573 1425 pilae
1583 1379 1779 1414 concavaee

5 1422 7 1472 ἶ
49 1435 144 1464 cera,
162 1423 228 1460 live
244 1424 319 1460 vasa
329 1436 429 1460 cerea
442 1425 601 1472 undique
615 1424 718 1461 densa
734 1424 803 1460 line
819 1424 954 1460 orificio
968 1448 977 1465 ,
996 1424 1137 1461 dulcem
1147 1426 1236 1461 intra
1251 1425 1282 1460 se
1297 1424 1680 1473 colligenthumorem,
1698 1427 1779 1474 quia

44 1483 199 1508 meatum
212 1485 253 1508 au
283 1473 371 1508 ustiis
381 1483 493 1521 partes
503 1475 669 1508 duntaxat
688 1473 867 1508 tenuiores
875 1485 972 1521 aquae
989 1474 1023 1509 ὃ(
1039 1474 1202 1509 aterrena
1216 1474 1389 1509 mixtione
1403 1474 1575 1509 disoecatas
1593 1475 1778 1522 recipient,

6 1559 7 1563 ,
45 1523 141 1556 unde
159 1521 258 1557 exclu
276 1533 314 1556 us
330 1522 521 1557 remanebit
537 1521 608 1562 Sal,
626 1532 751 1569 utpote
767 1519 906 1557 crassior
925 1523 1076 1557 humore
1091 1522 1197 1560 dulci.
1249 1522 1304 1557 Sic
1313 1522 1778 1571 etiamelanaappenlalate-

6 1589 8 1617 ³.
47 1570 141 1605 ribus
158 1570 376 1619 navigiorum
386 1571 494 1606 dulcis
502 1570 617 1618 liquor
626 1571 844 1618 exprimitur,
862 1571 942 1618 quia
952 1571 1070 1606 succus
1080 1570 1134 1606 ille
1148 1570 1319 1606 balitusve
1328 1571 1480 1606 marinus
1490 1582 1528 1607 ut
1538 1572 1584 1606 est
1594 1572 1694 1608 valde
1703 1571 1776 1608 sub-

6 1635 7 1663 j
47 1617 130 1657 tilis,
147 1618 192 1654 ita
206 1628 348 1654 terrenae
360 1618 549 1654 adustionis
558 1619 642 1654 nihil
659 1621 770 1667 prope
784 1619 905 1660 habet,
923 1619 1007 1655 licut
1016 1631 1081 1658 nec
1097 1619 1220 1667 pluviae
1237 1621 1256 1654 e
1270 1620 1457 1668 vaporibus
1467 1621 1607 1657 marinis
1622 1632 1725 1661 ortae,
1735 1621 1778 1657 (al

6 1670 7 1674 ’
48 1667 143 1701 enim
153 1679 240 1715 aqua
249 1668 385 1716 gravior
394 1668 429 1702 in
436 1679 583 1715 vapores
592 1680 666 1703 non
673 1667 820 1717 assurgit.
849 1669 937 1703 Sunt
946 1679 1064 1703 tamen
1083 1668 1187 1703 etiam
1197 1668 1296 1703 multi
1305 1670 1422 1703 fontes
1431 1669 1570 1707 &lacus
1583 1669 1659 1709 salsi,
1669 1682 1778 1717 quan-

5 1733 7 1742 ι
47 1718 95 1750 do
106 1727 234 1764 nempe
243 1716 289 1751 ita
298 1716 317 1750 ὲ
325 1716 409 1751 mari
419 1717 627 1756 derivantur,
637 1726 675 1752 ut
684 1728 757 1751 non
769 1717 841 1751 latis
852 1717 1013 1752 colentur
1021 1729 1032 1761 3
1041 1716 1095 1752 vel
1105 1728 1189 1752 vero
1198 1717 1278 1764 quia
1286 1729 1347 1764 per
1357 1729 1462 1754 venas
1473 1720 1580 1755 salitas
1589 1718 1779 1758 transeunt.

143 1765 289 1812 Qaeres
303 1764 468 1800 secundo.
519 1765 818 1801 Curlocamarina
828 1765 890 1800 lint
900 1765 1157 1813 minusr'rigida.
1209 1766 1420 1813 Respondeo
1438 1769 1573 1805 causam
1585 1765 1669 1806 esse,
1679 1767 1779 1814 quod

4 1830 9 1842 »
47 1824 143 1848 mare
153 1811 428 1848 exhalationibus
445 1813 538 1849 ssecis
553 1813 588 1850 ὅ(
603 1814 720 1850 calidis
736 1814 955 1862 conspersum
965 1814 1012 1852 sit.
1070 1814 1167 1850 Hinc
1182 1814 1288 1849 etiam
1301 1814 1435 1849 marina
1447 1830 1536 1866 aqua
1550 1815 1723 1856 calefacit,
1740 1816 1779 1853 <Sc

51 1861 210 1902 exficcat,
227 1871 264 1897 ut
277 1862 409 1897 docent
423 1862 563 1901 medici.

145 1909 291 1957 Quaeres
306 1910 422 1945 tertio.
473 1911 602 1946 Utrum
617 1921 711 1946 mare
721 1910 757 1946 [it
765 1911 874 1958 magis
883 1909 1000 1945 sallum
1017 1911 1052 1945 in
1068 1910 1264 1958 superficie,
1280 1911 1384 1958 quam
1401 1910 1571 1948 infundo,
1622 1911 1779 1960 Respon-

52 1958 120 1993 deo
133 1981 144 1998 ,
159 1958 265 2007 vulgo
281 1959 423 2006 quidem
439 1959 506 1994 dici
523 1982 534 1999 ,
548 1971 643 1994 mare
661 1960 695 1994 in
713 1959 890 2006 superficie
905 1957 1027 2005 majori
1043 1960 1225 2007 prztditum
1249 1959 1409 1994 salsedine
1432 1960 1478 1994 ob
1494 1959 1583 1994 Solis
1604 1960 1780 2001 calorem,

47 2007 107 2054 qui
121 2017 233 2054 partes
241 2008 432 2042 humorum
443 2008 658 2043 marinorum
668 2006 891 2044 leviffimas&
906 2008 988 2043 ideo
1003 2008 1123 2045 dulces
1141 2005 1274 2043 affiduo
1290 2008 1455 2048 extrahit,
1472 2007 1598 2043 relietis
1615 2010 1780 2055 graviori.

4 2081 9 2099 a
51 2056 130 2095 bus,
147 2056 182 2090 in
199 2056 322 2103 quibus
339 2055 464 2091 salsedo
483 2056 651 2095 consistit,
667 2068 710 2091 ex
726 2068 798 2105 quo
815 2056 853 2092 fit
866 2079 877 2097 ,
893 2067 931 2091 ut
946 2069 1036 2105 aqua
1049 2079 1060 2096 ,
1082 2068 1157 2104 quae
1173 2056 1402 2104 relinquitur,
1423 2057 1547 2092 evadat
1566 2049 1676 2106 magis
1693 2057 1780 2093 salsa.
1827 2086 1832 2094 .

10 2121 13 2129 ··
47 2104 146 2139 Vero
162 2104 298 2139 limilius
308 2115 424 2140 tamen
434 2104 497 2145 est,
508 2106 646 2140 coeteris
655 2106 807 2152 paribus,
816 2117 939 2152 aquarn
947 2105 1049 2140 maris
1058 2106 1092 2140 in
1103 2105 1216 2140 fundo
1227 2105 1394 2140 salliorem
1402 2104 1488 2144 effe,
1501 2117 1605 2152 quam
1620 2107 1656 2141 in
1666 2105 1780 2154 super-

49 2151 144 2192 ficie,
160 2153 352 2207 quodaqua
367 2152 440 2188 salsa
457 2153 493 2188 [it
508 2154 764 2202 dulcigravior;
782 2166 890 2189 omne
906 2163 1023 2189 autern
1033 2166 1136 2201 grave
1146 2153 1343 2189 descendat.
1395 2154 1535 2189 Deinde
1550 2165 1632 2189 cum
1646 2165 1690 2189 ex
1707 2154 1780 2190 lalis

9 2220 11 2223 ·
49 2201 178 2236 fodinis
193 2213 277 2236 mari
287 2198 426 2236 subditis
444 2201 569 2237 salsedo
579 2203 695 2249 potius
707 2226 717 2243 ,
733 2215 836 2250 quam
847 2204 863 2237 a
874 2201 949 2237 solis
957 2203 1136 2237 exustione
1147 2203 1237 2237 suam
1254 2203 1361 2237 ducat
1368 2201 1555 2250 originem,
1566 2203 1669 2238 etiam
1678 2215 1777 2251 aquae

51 2250 104 2284 his
117 2249 246 2284 fodinis
262 2250 459 2297 propriores
468 2248 591 2297 majori
604 2250 674 2285 salis
683 2251 783 2298 copia
793 2251 901 2286 imbui
912 2252 1053 2286 debent.
1106 2250 1207 2285 Idem
1215 2250 1408 2285 dicendum
1419 2253 1463 2285 de
1472 2250 1644 2286 littoribus
1654 2252 1756 2287 maris
1766 2266 1779 2296 ;

51 2310 132 2333 nam
144 2298 359 2334 ubivicinam
377 2297 445 2333 salis
454 2310 620 2334 mineram
628 2322 639 2338 ,
649 2311 743 2334 mare
754 2299 930 2334 continuis
939 2298 1100 2334 fluffibus
1111 2298 1262 2338 alluerit,
1272 2299 1307 2333 id
1317 2297 1481 2347 salsugine
1495 2299 1531 2333 in
1540 2299 1655 2335 littote
1664 2301 1779 2335 inten-

9 2382 11 2384 ,
50 2345 114 2381 fius
123 2370 133 2385 ,
143 2359 247 2394 quam
257 2347 291 2381 in
305 2347 423 2382 medio
433 2346 541 2382 Imbui
550 2346 686 2382 necesse
696 2347 761 2394 est3
777 2358 816 2383 ut
826 2348 928 2383 etiam
938 2347 1059 2389 salinae,
1067 2358 1143 2396 quae
1153 2348 1196 2383 ad
1205 2347 1312 2396 ripam
1321 2348 1424 2383 maris
1431 2359 1563 2396 magno
1573 2348 1778 2384 mortalium

9 2392 13 2430 ἶ
51 2395 485 2436 commodoinstruuntur,
500 2396 572 2431 satis
581 2395 757 2431 testantur.

147 2445 293 2493 Qaeres
308 2454 444 2491 quarto.
495 2444 525 2477 C
530 2445 708 2479 urmarina
716 2457 804 2492 aqua
816 2444 916 2493 potui
926 2444 1043 2493 inepta
1055 2444 1093 2480 fit
1107 2443 1361 2492 {Respondem
1377 2443 1512 2480 causam
1529 2443 1596 2480 esse
1607 2468 1629 2500 ’.
1637 2444 1719 2493 quia
1733 2444 1777 2482 sal

8 2522 9 2525 ,
49 2490 202 2539 linquam
217 2493 356 2547 pungit,
372 2493 453 2528 cum
471 2492 606 2528 constet
621 2492 787 2540 spiritibus
798 2505 871 2529 non
887 2493 986 2529 facile
1000 2495 1019 2528 a
1031 2493 1173 2529 materia
1187 2493 1286 2528 molli
1301 2492 1507 2529 flexibilibus
1520 2516 1531 2533 ,
1547 2494 1607 2540 qui
1621 2505 1656 2529 in
1667 2493 1777 2541 cuspi-

50 2530 110 2575 des
126 2540 229 2576 ereEh
242 2541 394 2576 telorum
409 2541 510 2578 instar
524 2541 651 2591 linguae
669 2553 775 2586 poros
793 2542 1038 2591 ingrediuntur
1053 2564 1064 2582 ,
1079 2551 1185 2589 atque
1199 2542 1245 2577 ita
1262 2542 1481 2588 penetrando
1495 2551 1677 2596 pungunt,
1694 2542 1780 2578 cum

8 2594 13 2635 ξ
51 2590 195 2624 econtra
203 2599 315 2637 partes
328 2601 424 2638 aquae
440 2590 561 2626 dulces
576 2590 727 2626 molliter
740 2589 855 2626 fluidae
866 2614 879 2633 ι,
894 2592 941 2626 ob
951 2590 1170 2632 facilitatem,
1179 2591 1247 2638 qua
1254 2589 1460 2631 fleetuntur,
1477 2589 1622 2626 suaviter
1632 2590 1775 2640 gustum

48 2635 212 2675 afficiant
281 2679 285 2681 ,

150 2686 295 2733 Qaeres
309 2686 444 2733 quinto.
495 2687 666 2735 Curaqua
682 2686 927 2724 laliacalefafi‘ta
942 2686 1244 2723 salliorreddatur?
1259 2685 1487 2735 RespondeO,
1502 2686 1583 2734 quia
1591 2698 1675 2723 cum
1683 2687 1777 2723 mul-

50 2743 94 2769 tae
107 2744 219 2781 partes
230 2745 324 2781 aquae
340 2746 400 2782 per
409 2734 561 2771 calorem
579 2746 762 2771 attenuatae
770 2736 929 2776 avolent,
945 2737 1068 2771 eadem
1078 2736 1149 2771 salis
1160 2736 1330 2784 quantitas
1347 2734 1519 2769 minorem
1528 2746 1625 2783 aquae
1634 2737 1774 2772 materi-

51 2795 106 2817 am
124 2782 332 2829 superstitem
341 2784 447 2830 magis
457 2785 711 2832 consequenter
721 2784 831 2820 salsam
842 2784 971 2829 efficit3
987 2784 1028 2819 sal
1045 2785 1190 2832 quippe,
1208 2795 1275 2819 nec
1288 2782 1370 2818 Sole
1383 2805 1394 2822 ,
1411 2794 1477 2818 nec
1491 2783 1574 2832 igne
1588 2784 1622 2819 in
1630 2795 1778 2832 vapores

51 2830 233 2866 resolvitur
244 2854 256 2871 ,
272 2842 339 2866 nec
352 2831 507 2868 bullienti
525 2845 620 2881 aqua·
636 2831 781 2880 injectus
798 2843 979 2880 evaporat,
995 2833 1074 2868 alias
1091 2833 1205 2868 nullus
1221 2833 1318 2868 cibus
1337 2841 1550 2879 coqueretur
1565 2832 1680 2878 lalsus3
1701 2844 1778 2869 non

51 2880 130 2926 quia
147 2889 267 2915 natura
274 2880 427 2928 gravior,
440 2881 549 2917 multa
564 2882 660 2917 enim
676 2882 790 2930 gravia
806 2882 992 2917 levioribus
1006 2881 1138 2917 facilius
1154 2889 1394 2919 attenuantur,
1409 2879 1452 2915 fic
1466 2881 1676 2920 mercurius,
1690 2893 1779 2928 aqua

13 2932 15 2934 ’
52 2928 120 2963 &e
135 2928 216 2963 oleo
233 2939 370 2977 gravior
385 2928 433 2964 est
445 2952 455 2969 ,
472 2941 554 2965 cum
570 2941 689 2965 tamen
700 2943 787 2977 aqua
801 2942 869 2979 prae
885 2930 966 2966 oleo
976 2953 985 2970 ,
1000 2931 1037 2966 ὃ(
1050 2941 1116 2978 prae
1130 2941 1218 2977 aqua
1232 2928 1424 2964 mercurius
1442 2929 1542 2964 citius
1556 2930 1656 2964 abeat
1670 2929 1705 2964 in
1719 2942 1780 2965 va-

52 2987 173 3024 pores3
189 2976 243 3012 sed
261 2977 339 3025 quia
349 2976 481 3025 spiritus
494 2978 566 3014 salis
581 2979 731 3014 maxime
747 2978 804 3015 fixi
824 2980 914 3015 adeo
937 2989 1105 3014 cenactter
1122 2978 1153 3014 se
1169 2977 1320 3013 materiae
1342 2977 1547 3030 intorqouent
1560 3000 1571 3018 ,
1593 2987 1633 3013 ut
1653 2978 1778 3026 expelli

9 3027 16 3035 “
51 3036 124 3061 non
141 3025 240 3061 facile
257 3022 397 3073 poffint.

151 3074 295 3120 Quaeres
311 3073 417 3112 sexto.
467 3073 656 3123 Curpisces
667 3075 788 3110 marini
803 3087 877 3110 non
887 3074 1190 3111 afficianturmaris
1205 3073 1377 3112 salsedine⁴
1402 3072 1779 3121 Respondemcausam

53 3119 271 3162 effffiillorum
280 3122 431 3158 calorem
441 3124 631 3158 naturalem
642 3123 853 3173 separantem
862 3123 966 3159 dulce
977 3124 995 3159 a
1004 3123 1094 3162 salso.
1146 3123 1241 3158 Hinc
1249 3134 1336 3170 aqua
1344 3123 1509 3158 duntaxat
1517 3123 1610 3158 dulci
1619 3123 1778 3158 nutriun-

17 3147 20 3171 l

17 3176 22 3215 ᾗ
55 3178 120 3212 tur,
130 3170 330 3219 unde&ips1
343 3171 487 3208 minime
500 3171 566 3208 falfi
582 3171 672 3213 sunt.
720 3172 916 3208 Occasione
931 3170 1033 3218 hujus
1043 3171 1181 3221 quaefiti,
1189 3179 1273 3207 nota
1279 3170 1498 3220 praeterdiehz
1506 3171 1551 3208 de
1564 3171 1628 3207 sale
1642 3170 1780 3206 tollibili

896 3221 934 3257 X
957 3231 975 3267 3
1617 3219 1776 3256 amarit-ia
