2054 3496
0 404 25 676 ww
0 310 14 393 *ΖΨ
0 262 14 293 W

631 163 992 234 Philosophico-
1004 165 1209 216 Politica,
1692 180 1800 235 177

75 258 156 286 tuus
174 248 246 288 ille,
263 257 368 296 atque
376 248 466 283 adeo
483 244 667 282 uniformis
676 258 793 283 motus
801 249 887 282 tanti
899 247 1072 282 elementi.
1124 248 1192 282 Res
1202 248 1275 283 haec
1284 245 1433 282 multum
1443 246 1479 283 ὅ(
1489 247 1547 282 diu
1566 247 1705 296 ingenia
1720 249 1801 285 Phi-

71 298 298 344 losophorum
310 296 414 332 torsit.
467 295 721 331 DeAristotelis
735 296 905 343 opinione
923 308 995 330 non
1011 295 1162 335 constat,
1180 308 1261 331 cum
1278 295 1390 330 nullus
1409 296 1507 343 ipsius
1524 298 1567 331 de
1583 297 1648 332 hac
1663 309 1700 332 re
1714 297 1800 334 liber

71 346 236 382 indubius
254 344 381 383 existat.
431 344 534 379 Fama
550 343 614 384 est,
632 356 712 380 cum
723 345 836 391 Euripi
852 344 940 378 illius
953 367 963 383 ,
978 345 1036 391 qui
1052 345 1138 379 intra
1146 344 1310 379 Aulidem
1326 345 1470 379 Boeotiae
1480 355 1619 392 portum
1630 345 1802 381 &Euboe.

69 406 126 429 arn
152 393 297 428 Insulam
316 390 514 439 interjacet,
532 402 710 432 naturam,
732 390 877 439 ejusque
893 393 1047 439 septenas
1063 391 1270 427 reflexiones
1283 415 1293 431 ,
1311 403 1394 438 quas
1408 402 1447 427 ut
1463 393 1629 432 diximus,
1646 396 1803 441 quotidie

70 441 157 478 subit
173 465 184 482 ,
197 453 270 476 non
287 441 361 476 satis
378 440 548 489 explicare
569 440 679 488 posset
692 463 703 480 ,
720 441 824 475 taedio
841 440 877 476 ὅ(
892 440 1011 475 labore
1027 442 1156 475 vicium
1173 441 1265 475 diem
1284 439 1462 475 ibi'obiisse
1480 463 1489 480 ,
1507 441 1578 475 imo
1596 443 1631 476 in
1648 445 1802 479 eundern

71 491 105 525 se
121 490 332 538 praecipitem
353 487 480 524 dedisse
489 489 630 536 quidam
640 498 848 526 memorant.
901 490 1107 536 Atqueinde
1123 499 1242 523 natum
1260 489 1294 523 in
1305 489 1429 536 vulgus
1442 491 1622 537 adagium:
1638 490 1802 535 Arg'lhteles

69 552 127 572 non
141 544 209 585 cepit
221 541 385 585 Euripum,
402 541 532 583 Euripus
545 542 615 584 cepit
623 536 815 582 Artstolelem.
867 536 1085 572 Caeterorum
1105 549 1189 572 vero
1199 537 1490 583 Philosophorum
1503 539 1587 572 mira
1601 539 1667 573 fuit
1677 540 1711 573 in
1727 540 1801 575 hoc

69 598 199 622 naturae
217 585 385 621 miraculo
404 586 621 633 explanando
636 586 779 621 varietas
795 598 807 629 ς
829 586 936 620 Stoici
951 587 1043 620 enim
1066 586 1216 620 animam
1237 585 1359 620 mundi
1375 586 1471 620 hunc
1485 596 1623 621 motum
1643 587 1797 622 maribus

69 635 189 670 indere
207 635 450 679 crediderunt3
466 634 590 681 quibus
600 633 719 669 affines
729 633 981 681 suntKeplerus
996 635 1052 668 lib.
1062 647 1095 679 4.
1106 646 1136 671 e.
1146 644 1177 678 7.
1230 634 1472 681 Harmon.qui
1490 644 1614 669 terram
1630 647 1797 684 magnum

66 682 191 719 animal
206 682 272 718 esse
287 683 527 721 crediderunt,
538 683 635 728 quod
648 683 682 717 in
692 683 898 717 immanibus
907 683 1116 729 pulmonum
1128 682 1266 716 follibus
1279 682 1425 716 marinas
1436 694 1540 729 aquas
1550 694 1609 729 per
1621 683 1797 720 intervalla

64 731 250 768 visceribus
263 730 416 778 inspiret,
434 730 653 778 respiretque.
705 727 838 765 Leffius
848 731 1102 765 condecentius
1112 729 1255 779 angelos
1265 740 1422 765 motor-es
1440 743 1606 778 aquarum
1621 743 1797 780 recogno-

65 780 124 817 vit.
151 779 322 819 Saraceni,
331 790 419 826 quos
428 778 532 813 refert
541 778 862 826 Mirand.Princeps
873 779 928 813 lib.
943 777 1205 824 adver,Ass“er.3.
1223 790 1302 822 c.15.
1322 777 1430 825 ajunt,
1439 780 1544 814 maria
1559 779 1674 814 versus
1691 790 1797 816 terras

67 826 192 867 fluere,
208 830 306 874 quod
321 838 444 862 aveant
461 826 491 861 se
500 826 570 862 aliis
586 826 819 875 conjungere,
839 837 876 862 ut
895 828 968 862 saxa
987 828 1018 862 {e
1036 827 1317 874 copulareterrae.
1378 827 1589 874 Apollonius
1607 828 1798 875 Thyaneus

63 887 189 912 ventos
207 877 264 911 sub
280 876 364 911 mari
379 875 592 911 anhelantes.
645 875 743 910 Plato
761 876 940 924 ingentem
957 875 1107 922 specum.
1159 875 1622 924 LyndiatusAnglus-,ignes
1633 877 1796 913 subterra·

62 936 150 960 neos
166 924 386 960 rarefa&ores
403 925 504 959 maris
514 923 624 971 fingit,
673 926 830 959 Andreas
844 923 1069 971 Cesalpinus,
1081 924 1257 959 Henricus
1268 921 1523 969 uiti-ajeecenfis
1543 935 1681 959 motum
1699 936 1797 962 terrae

62 973 349 1020 Copernicanum
368 971 501 1008 causam
517 972 621 1020 hujus
636 972 732 1007 aestus
748 972 974 1009 constituunt.
1028 973 1167 1007 Omnes
1184 974 1236 1006 hae
1265 972 1450 1019 opiniones
1465 970 1671 1018 rejiciuntur
1684 997 1694 1013 ,
1717 975 1797 1021 quia

64 1032 124 1056 aut
138 1021 260 1056 fabulis
271 1022 485 1060 innituntur,
502 1030 561 1055 aut
576 1022 679 1069 gratis
690 1020 898 1068 supponunt,
908 1032 982 1068 quae
992 1021 1172 1068 probanda
1191 1020 1276 1056 sunt.
1328 1020 1370 1054 Et
1379 1032 1504 1054 omnes
1514 1021 1547 1055 in
1557 1023 1627 1056 hoc
1637 1033 1796 1068 peccant,

61 1071 159 1117 quod
170 1081 234 1105 nec
243 1070 558 1118 reciprocationem
569 1093 579 1109 ,
597 1081 662 1104 nec
671 1071 889 1109 ordinatum,
904 1081 974 1116 quo
985 1081 1079 1104 mare
1095 1068 1386 1117 agitatur,aestum
1403 1069 1587 1115 explicent.
1638 1070 1795 1106 Primum

61 1119 156 1153 enim
164 1141 174 1158 ,
192 1119 288 1165 quod
298 1119 420 1153 attinet
427 1119 470 1152 ad
479 1127 617 1153 motum
627 1118 924 1165 Copernicanum,
933 1128 1162 1165 praeterquam
1170 1119 1268 1164 quod
1276 1117 1352 1152 falsa
1360 1116 1396 1151 fit
1404 1117 1627 1164 Hypothelis,
1636 1118 1795 1166 sequere-

60 1176 117 1202 tur
134 1167 215 1201 inde
226 1168 262 1202 in
276 1167 440 1202 omnibus
451 1176 548 1201 terrae
559 1166 761 1201 cavitatibus
770 1177 873 1213 aquas
886 1167 1015 1201 debere
1023 1167 1175 1201 eundem
1186 1166 1254 1214 pati
1264 1163 1397 1200 fluxum
1408 1165 1442 1201 ὅ(
1455 1163 1626 1201 refluxum
1637 1189 1647 1206 ,
1659 1167 1695 1203 ὃ(
1707 1166 1795 1203 sem-

58 1226 119 1263 per
133 1214 288 1253 similem.
340 1215 428 1250 Item
446 1215 614 1250 deberent
630 1215 722 1250 idern
735 1214 770 1250 &
787 1214 907 1249 ssmiles
922 1225 1039 1249 motus
1056 1214 1226 1250 observari
1239 1224 1316 1248 tum
1333 1214 1368 1248 in
1377 1214 1526 1249 Oceano
1543 1214 1578 1250 <Sc
1589 1215 1794 1252 Mediterra-

59 1275 146 1302 neo,
165 1265 284 1298 turnin
303 1262 446 1298 lacubus
464 1263 567 1298 eriam
581 1273 651 1297 tarn
669 1262 807 1302 multis,
822 1272 892 1298 tam
909 1263 1007 1297 vastis
1026 1262 1095 1298 &c.
1118 1274 1194 1310 quae
1217 1262 1336 1297 omnia
1348 1272 1544 1310 repugnant
1561 1263 1792 1310 experientiae.

59 1312 243 1352 Secundo,
259 1311 425 1346 sententia
441 1312 484 1346 de
498 1311 635 1358 ignibus
652 1310 710 1346 sub
725 1311 837 1346 fundo
853 1312 954 1345 maris
970 1312 1096 1358 pariter
1111 1323 1185 1345 non
1200 1310 1337 1345 subiistit
1349 1332 1359 1350 ,
1390 1312 1470 1358 quia
1493 1310 1673 1347 sentiretur
1694 1324 1793 1360 aquae

59 1360 172 1404 calor;
186 1360 254 1395 fine
263 1372 334 1408 quo
346 1372 417 1394 non
428 1358 538 1407 posset
547 1372 634 1407 aqua
641 1359 819 1395 rarescere.
871 1358 949 1394 Imo
965 1371 1053 1406 aqua
1062 1359 1170 1394 rarior
1179 1358 1299 1394 efferta
1311 1370 1383 1393 non
1395 1357 1477 1394 esset
1486 1359 1613 1395 idonea
1625 1359 1792 1397 sustinen-

59 1410 110 1444 dis
127 1411 280 1446 navibus,
332 1408 471 1448 Tertio,
486 1408 607 1455 opinio
625 1409 669 1442 de
679 1408 897 1456 Angelorum
906 1405 1086 1442 affistentia
1097 1419 1170 1442 non
1181 1407 1228 1442 est
1239 1406 1482 1454 philosophica
1495 1430 1505 1447 ,
1517 1420 1597 1443 nam
1609 1410 1666 1443 ubi
1677 1411 1790 1458 agitur

59 1460 103 1492 de
118 1457 242 1492 affetm
254 1457 416 1496 naturali,
433 1455 786 1504 debetaPhilosopho
795 1453 951 1505 affignari
967 1455 1064 1491 causa
1079 1455 1166 1491 illius
1177 1455 1354 1496 naturalis,
1373 1455 1431 1491 nisi
1448 1455 1590 1492 aliunde
1604 1468 1788 1507 repugnet.

57 1507 178 1554 Qare
193 1505 230 1540 fit
243 1504 358 1540 nostra

157 1554 346 1590 Conclufio
362 1553 482 1599 prima.
533 1551 872 1588 Probabileomnino
886 1552 952 1592 est,
963 1552 1094 1588 coelum
1104 1551 1289 1588 acLunarn
1300 1575 1310 1592 ‚
1325 1561 1431 1600 prout
1439 1552 1526 1587 Solis
1545 1564 1788 1600 promovetur,

56 1602 267 1648 foveturque
276 1601 411 1649 aspectu
421 1625 430 1642 ,
446 1600 512 1637 effe
527 1602 662 1637 caulam
673 1598 867 1637 effectivam
875 1601 974 1637 aestus
985 1601 1117 1636 marini.
1169 1602 1270 1636 Ratio
1280 1600 1346 1640 est,
1355 1601 1433 1648 quia
1443 1601 1557 1636 nullus
1575 1602 1718 1638 effeetus
1727 1616 1787 1639 na-
1813 1632 1817 1634 .

55 1652 173 1685 tui-alis
190 1651 326 1685 videtur
341 1651 468 1685 habere
476 1647 647 1696 majorem
661 1650 923 1685 connexionem
939 1662 1021 1686 cum
1040 1650 1095 1685 [iia
1106 1649 1207 1685 causa
1223 1649 1384 1689 naturali,
1399 1661 1505 1697 quarn
1521 1650 1618 1685 aestus
1632 1651 1689 1686 ille
1703 1663 1787 1688 cum

55 1699 158 1735 Luna
166 1722 175 1738 ,
196 1699 404 1745 nec-potiori
419 1698 553 1733 ratione
561 1698 637 1746 quis
646 1696 908 1745 judicetlumen
917 1698 998 1733 Sole
1007 1698 1172 1745 praesente
1182 1699 1200 1732 a
1213 1698 1294 1733 Sole
1303 1697 1373 1746 ipso
1383 1699 1548 1745 produci,
1558 1709 1617 1734 aut
1633 1699 1787 1736 calorem

54 1750 96 1783 ab
113 1749 194 1796 igne
208 1746 389 1794 praesente,
407 1757 466 1781 aut
480 1747 610 1781 ferrum
625 1746 942 1794 similiterproximo
961 1747 1101 1786 attrahi,
1116 1758 1221 1794 quam
1236 1746 1353 1781 aestum
1367 1747 1469 1781 maris
1489 1747 1508 1781 a
1518 1747 1617 1782 Luna
1631 1747 1785 1786 efficien-

53 1806 106 1832 ter
121 1797 273 1843 prodire.
325 1796 417 1830 Nam
432 1795 545 1843 primo
556 1794 611 1829 ille
619 1794 714 1830 aestus
730 1807 908 1843 nunquam
927 1794 983 1835 fit,
1001 1795 1060 1830 nifi
1076 1795 1109 1829 in
1127 1795 1279 1842 partibus
1288 1794 1525 1835 maris,Lunae
1536 1796 1662 1833 diretta
1673 1809 1785 1845 oppo-

55 1845 120 1881 sitis
131 1844 322 1880 secundum
337 1843 464 1878 lineam
481 1843 725 1879 diametraliter
741 1853 978 1879 transeuntem
998 1856 1058 1891 per
1067 1853 1227 1878 centrum
1237 1843 1379 1883 mundi,
1389 1843 1424 1879 ὅ(
1434 1854 1594 1879 centrum
1604 1845 1703 1892 ipsius
1715 1846 1785 1882 Lu·

54 1905 118 1929 nae.
128 1906 159 1930 2.
169 1891 466 1927 ascendenteluna
479 1892 575 1939 supra
583 1893 818 1931 horizontem,
830 1904 924 1927 mare
941 1893 1072 1940 semper
1080 1892 1199 1939 incipit
1208 1891 1436 1927 intumescere
1445 1905 1456 1937 ς
1465 1891 1501 1928 ὅ(
1510 1904 1590 1927 curn
1602 1893 1649 1928 est
1665 1895 1699 1929 in
1710 1907 1785 1930 me—

53 1943 111 1977 dio
121 1942 203 1977 coeli
213 1941 352 1979 vertice,
362 1940 481 1987 incipit
492 1940 781 1980 detumescere,ut
789 1952 831 1975 ex
840 1941 999 1975 omnium
1010 1950 1190 1975 nautarum
1200 1939 1270 1975 fide
1278 1939 1412 1975 constat
1420 1953 1431 1985 3
1439 1941 1580 1980 adeo,ut
1588 1943 1710 1978 diebus
1721 1943 1784 1979 sin-

54 1990 141 2039 gulis
153 2001 246 2025 mare
256 1999 405 2037 quatuor
414 1989 546 2024 vicibus
556 1999 748 2028 moveatur,
759 1990 809 2024 bis
822 1988 965 2024 fluendo
973 2001 1037 2037 pro
1045 1990 1179 2024 ratione
1189 1989 1343 2024 aseensus
1354 1988 1388 2024 ὅ(
1398 1988 1577 2024 descensus
1590 1990 1690 2030 lunae.
1707 1992 1784 2028 Cur

53 2040 148 2074 enim
166 2048 265 2074 tanto
284 2037 367 2072 illud
386 2037 517 2084 impetu
528 2036 651 2072 flueret
665 2037 906 2077 adlittus,eum
923 2037 1061 2086 surgens
1077 2037 1156 2072 luna
1170 2039 1211 2072 ab
1227 2038 1412 2072 horizonte
1425 2037 1578 2073 ascendit
1592 2040 1634 2073 ad
1647 2039 1783 2077 Zenith

52 2085 257 2123 &reflueret
266 2087 406 2134 quando
420 2086 596 2121 descendit
605 2087 622 2120 a
630 2086 761 2121 Zenith
772 2088 814 2120 ad
824 2086 982 2121 occasum
993 2087 1004 2121 ἓ
1015 2086 1051 2122 ὅ(
1060 2098 1121 2121 cur
1131 2086 1242 2121 rursus
1252 2085 1391 2125 flueret,
1403 2086 1483 2121 cum
1493 2086 1646 2122 ascendit
1654 2088 1688 2123 in
1698 2088 1784 2124 alte-

50 2147 91 2171 ro
102 2136 694 2180 horizonte3efflueretautem,cum
707 2134 788 2169 luna
801 2135 922 2184 attigit.
973 2136 1156 2174 Secundo,
1169 2134 1305 2182 singulis
1316 2134 1437 2169 diebus
1453 2146 1521 2170 una
1537 2135 1674 2171 circiter
1690 2137 1779 2174 hora

50 2185 180 2220 tardius
195 2183 327 2218 fervere
337 2183 458 2230 incipit
465 2194 576 2222 mare,
585 2184 682 2230 quod
691 2196 758 2218 una
767 2183 901 2218 circiter
909 2184 996 2218 hora
1004 2184 1133 2218 tardius
1143 2182 1223 2217 luna
1236 2183 1271 2216 in
1282 2182 1378 2217 suum
1388 2192 1506 2217 ortum
1518 2184 1656 2230 redeat3
1671 2197 1778 2233 quam

50 2234 97 2268 ob
108 2244 180 2267 rem
191 2233 264 2267 haec
272 2229 429 2266 fluxuum
439 2230 475 2266 ὅ(
483 2229 679 2266 refluxuum
689 2232 852 2278 periodus
862 2243 936 2266 non
945 2231 1146 2270 absolvitur,
1157 2230 1214 2265 nisi
1225 2231 1329 2278 spatio
1340 2231 1411 2265 fere
1421 2242 1468 2275 25.
1484 2232 1662 2270 horarum.
1689 2234 1776 2270 Ter—

49 2282 118 2320 tio,
128 2280 268 2315 siclunae
279 2278 415 2315 cursum
432 2278 654 2327 consequitur
663 2280 721 2314 hic
735 2279 842 2319 aestus,
851 2290 888 2314 ut
897 2280 1009 2327 primo
1019 2279 1118 2326 iplius
1128 2283 1329 2326 quadrante,
1339 2279 1373 2314 id
1386 2278 1564 2319 est,tribus
1583 2282 1700 2329 primis
1709 2283 1776 2318 ho-

48 2330 94 2365 ris
109 2330 241 2364 duabus
257 2327 420 2376 oppositis
437 2327 470 2361 in
487 2327 614 2375 quartis
628 2328 779 2375 partibus
788 2337 884 2363 terrae
901 2327 983 2372 fiat3
1002 2328 1153 2362 secundo
1166 2339 1282 2362 autern
1299 2329 1489 2375 quadrante
1503 2329 1538 2364 in
1554 2330 1687 2365 duabus
1701 2331 1775 2367 aliis

48 2378 178 2425 quartis
189 2377 350 2423 partibuS,
361 2376 396 2411 ὅ(
409 2376 451 2411 [ic
461 2376 638 2424 deinceps.
676 2377 810 2423 Qarto
823 2387 956 2411 certum
968 2386 1129 2424 praeterea
1140 2376 1197 2415 est,
1207 2377 1303 2423 quod
1315 2388 1379 2424 pro
1390 2376 1525 2412 diverfis
1534 2377 1624 2413 lunae
1634 2378 1773 2426 aspecti·
1828 2382 1837 2388 ’

48 2427 112 2462 bus
121 2427 163 2461 ad
172 2425 289 2461 Solem
300 2437 394 2460 nunc
403 2422 551 2470 majores
559 2447 568 2463 ,
578 2433 672 2459 nunc
681 2425 834 2459 minores
845 2424 916 2459 fieri
929 2424 1057 2460 soleant
1067 2424 1163 2459 aestus
1174 2424 1357 2472 3fiquidem
1367 2436 1399 2462 V.
1407 2438 1439 2473 g.
1449 2425 1482 2459 in
1492 2425 1683 2473 plenilunio
1699 2440 1773 2464 ma-

47 2473 236 2510 ximiaestus
254 2474 347 2513 sunt,
365 2474 421 2508 die
435 2472 734 2519 scilicet14.lunoe,
754 2473 940 2508 interlunio
949 2484 1064 2508 autern
1077 2473 1111 2510 ὅ(
1127 2473 1198 2508 aliis
1213 2473 1432 2521 temporibus
1448 2473 1580 2521 semper
1595 2475 1769 2517 minores,

47 2524 203 2560 adeo,ut
213 2524 253 2557 ab
264 2521 464 2561 interlunio,
475 2522 508 2555 id
519 2521 576 2561 est,
585 2522 602 2556 a
613 2519 864 2568 conjundtione
873 2521 961 2556 lunae
972 2534 1053 2557 cum
1064 2522 1161 2562 Sole,
1171 2522 1288 2557 sensim
1298 2521 1396 2557 aestus
1411 2522 1587 2558 minuatur
1603 2534 1715 2571 usque
1727 2525 1772 2560 ad

48 2571 228 2618 septimum
247 2571 339 2605 diem
355 2570 461 2609 lunae,
478 2570 511 2604 in
530 2582 601 2617 quo
618 2569 714 2605 aestus
731 2571 894 2618 minimus
910 2570 1154 2618 eil-‚aseptimo
1164 2580 1281 2605 autem
1298 2570 1451 2605 dielunae
1461 2572 1676 2618 usquead14.
1698 2572 1772 2609 sen-

47 2619 107 2654 fim
124 2619 259 2657 crescit,
271 2618 306 2654 ὅ(
321 2619 356 2653 in
373 2630 414 2653 eo
431 2619 601 2653 maximus
615 2618 662 2653 est
674 2618 787 2658 aestus,
802 2620 935 2653 moxad
944 2632 999 2656 20.
1016 2619 1133 2654 senfim
1149 2619 1376 2667 relanguescit
1392 2632 1403 2663 3
1416 2619 1581 2667 vigesimo
1596 2620 1710 2668 primo
1725 2622 1772 2658 ad

45 2667 271 2702 interlunium
282 2668 399 2701 denuo
411 2667 541 2702 crescit.
593 2668 754 2714 Denique
763 2678 831 2702 tam
843 2678 935 2703 certa
947 2667 992 2702 est
1001 2669 1168 2703 habitudo
1178 2667 1274 2702 aestus
1283 2667 1405 2702 marini
1415 2679 1496 2702 cum
1505 2667 1594 2704 lunae
1602 2679 1721 2711 motu,
1731 2679 1770 2706 ut

47 2727 89 2751 ex
99 2713 171 2762 ejus
183 2716 369 2750 momentis
380 2715 599 2750 infallibiliter
607 2715 749 2750 definias
758 2739 767 2755 ,
776 2729 841 2763 qua
853 2717 937 2750 hora
946 2717 1146 2764 ubicunque
1153 2716 1311 2764 gentium
1321 2714 1527 2763 perficiatur.

145 2763 385 2798 Confirmatur
399 2763 511 2798 nostra
520 2763 653 2799 assertio
665 2776 705 2799 ex
715 2776 776 2804 eo,
791 2766 887 2812 quod
904 2774 998 2811 patet
1014 2765 1240 2813 experientia,
1256 2763 1373 2798 lunam
1396 2765 1600 2812 corporibus
1616 2766 1769 2802 humidis

46 2812 263 2847 dominari&
274 2811 362 2859 quafi
371 2811 517 2859 praeesse.
569 2813 673 2847 Unde
682 2812 835 2848 Galenus
845 2813 901 2848 lib.
910 2825 931 2858 3·
942 2814 985 2847 de
995 2814 1115 2848 diebus
1127 2813 1252 2848 criticis
1262 2812 1345 2847 huic
1352 2811 1449 2848 ssderi
1463 2815 1607 2849 morbos
1624 2815 1769 2862 pituito-

46 2861 98 2896 sos
107 2861 285 2905 adscribit3
299 2871 551 2908 receptumque
566 2861 612 2896 est
622 2862 713 2907 apud
723 2861 903 2901 Medicos,
914 2861 1030 2896 lunam
1042 2864 1060 2896 e
1075 2861 1437 2909 quatuorhumoribus
1452 2862 1630 2909 pituitam,
1645 2874 1721 2910 quae
1735 2875 1770 2899 a-

47 2921 144 2957 queae
154 2919 282 2944 naturae
293 2908 501 2957 est,augere,
529 2908 695 2944 Praeterea
704 2912 902 2949 cerebrum,
918 2911 1015 2944 duod
1032 2910 1238 2945 humiditate
1253 2910 1405 2944 abundat
1420 2933 1430 2950 ,
1443 2910 1533 2945 luna:
1549 2911 1769 2953 varietatem,

0 2968 3 2990 ῑ
46 2959 82 2995 ὅ(
98 2958 309 2993 mutationes
323 2956 489 3004 sequitur3
503 2957 721 3004 similiterque
736 2959 895 2994 nonnulli
913 2960 1052 2994 morbia
1066 2958 1185 3005 frigida
1194 2958 1401 2993 humiditate
1410 2959 1560 2998 oriundi,
1571 2960 1769 2996 humanum

0 3022 1 3049 γ
44 3018 171 3055 corpus
181 3005 330 3041 definitis
341 3005 430 3040 lunae
444 3005 552 3053 spatiis
561 3006 651 3041 adeo
662 3006 831 3047 infestant,
843 3017 880 3042 ut
889 3007 945 3054 qui
957 3007 994 3041 iis
1005 3006 1298 3045 conflictanturdn
1309 3005 1415 3053 seipsis
1425 3007 1558 3042 coitum
1567 3007 1766 3048 lunae‚alias-

0 3054 1 3094 Ϊ
44 3068 113 3104 que
122 3053 195 3102 ejus
211 3052 480 3101 conjunctiones
488 3053 542 3090 vel
551 3054 703 3102 aspezfiffis
718 3056 972 3101 persentiscunt.
1024 3056 1152 3090 Pariter
1163 3067 1234 3089 non
1246 3054 1355 3089 solum
1365 3055 1499 3101 plantae,
1510 3054 1565 3089 sed
1577 3056 1679 3091 etiam
1689 3056 1767 3111 plu-

43 3117 78 3142 ra
85 3103 257 3146 animalia,
266 3113 305 3139 ut
313 3102 428 3139 cancri
444 3102 513 3140 ὄις.
528 3103 704 3140 crescente
715 3103 797 3139 luna
813 3103 970 3187 crescusst
982 3126 992 3144 ‚
1007 3103 1043 3140 ὅ(
1058 3103 1292 3139 intumescunt
1307 3114 1348 3139 ex
1361 3103 1571 3140 abundantia
1584 3105 1765 3187 humoris}

1695 3164 1763 3188 unu
