2054 3496
249 187 303 229 12
919 172 1285 246 Meteorologia

251 258 374 294 Tertio
383 255 501 291 omnia
509 254 600 303 pene
610 266 757 304 corpora
766 255 870 292 etiam
880 254 1053 292 duriffima
1062 256 1133 306 igni
1142 257 1283 291 admota
1292 254 1510 292 resolvuntur
1518 267 1562 292 ex
1573 264 1670 305 parte
1685 255 1799 292 saltem
1814 257 1849 292 in
1861 268 1969 306 vapo-

251 318 307 343 res
316 329 325 346 ,
341 306 439 353 quod
448 316 489 340 ex
500 316 543 340 eo
553 305 845 353 deprehenditur,
861 315 901 340 ut
909 304 1127 340 observatum
1136 304 1183 340 est
1191 305 1225 339 in
1236 305 1306 352 ipso
1316 315 1400 339 auro
1411 326 1422 343 ,
1431 307 1587 351 quamvis
1602 306 1840 341 communiter
1854 305 1970 353 appel·

250 355 342 391 letur
350 353 622 402 incorruptibile.
670 355 728 388 Ab
736 354 897 388 humanis
907 354 991 390 vero
1002 353 1209 401 corporibus
1218 364 1281 399 pro
1291 353 1495 388 valetudinis
1504 353 1752 389 constitutione
1759 367 1854 390 nunc
1864 355 1968 394 sanas,

250 415 347 438 nunc
356 411 459 450 oegras
469 402 580 437 emitti
596 401 834 437 exhalationes
844 402 1025 450 plusquam
1035 411 1169 436 certum
1179 400 1236 436 est.
1261 401 1447 448 AEgrorum
1457 402 1550 436 enim
1559 402 1696 437 effluvia
1709 413 1895 451 propagata
1907 414 1970 450 per

249 451 376 487 halitus
386 451 551 499 contagio
563 450 636 485 satis
643 450 846 488 manifestat.
899 451 956 486 De
971 450 1054 485 sanis
1065 450 1149 485 vero
1158 449 1298 484 testatur
1311 449 1527 484 Verulamius
1536 473 1546 490 ,
1561 452 1644 485 dum
1657 451 1796 497 quaelito
1806 474 1816 491 ,
1827 463 1889 486 cur
1896 451 1967 486 1>ae-

251 499 379 548 dagogi
390 498 595 547 plerumque
604 498 694 533 seros
703 507 890 534 numerent
897 509 1008 533 annos
1016 521 1025 538 ,
1033 498 1237 545 respondet,
1247 497 1327 532 ideo
1338 497 1394 532 diu
1404 497 1500 532 sanos
1509 521 1519 537 ,
1527 498 1743 547 vegetosque
1751 500 1880 540 vivere,
1889 501 1970 547 quia

248 549 422 584 continuo
433 559 513 582 cum
524 545 714 594 juvenibus
723 547 899 583 consortio
909 556 1111 582 emanantes
1121 547 1161 581 ab
1173 546 1225 580 his
1236 546 1366 593 spiritus
1375 545 1482 595 magis
1494 546 1591 581 sanos
1599 570 1609 586 ,
1619 546 1808 595 vitalesque
1815 549 1968 586 trahunt.

249 596 375 632 Manet
389 596 490 644 igitur
503 607 643 634 verum,
657 600 774 631 aerem
790 595 894 630 etiam
910 605 1099 643 corporum
1109 594 1298 629 mixtorum
1316 593 1670 634 exhalationibusfflve
1679 595 1888 643 corpusculis
1901 595 1968 631 istis

248 644 402 682 minimis
411 656 475 680 ceu
485 644 610 680 atomis
624 643 769 685 scatere,
787 653 861 679 uno
870 645 1013 691 quidem
1023 643 1106 679 loco
1116 644 1187 683 his,
1204 642 1271 677 alio
1289 642 1360 677 aliis
1381 654 1444 690 pro
1454 654 1570 678 rerum
1580 643 1787 685 diversitate,
1802 645 1822 679 ὃ
1841 645 1966 692 quibus

241 703 413 730 oriuntur.
445 734 449 737 Δ

342 736 532 777 Conclufio
544 739 702 776 secunda.
753 739 855 776 Diem
864 740 939 775 haec
947 736 1149 787 corpuscula
1160 737 1349 773 differentis
1359 738 1447 774 inter
1457 739 1488 774 se
1497 739 1573 775 sunt
1589 749 1729 776 naturae.
1756 740 1858 776 Ratio
1870 753 1912 777 ex
1920 753 1965 777 eo

244 789 447 830 deducitur,
456 790 553 836 quod
561 789 724 837 pleraque
732 787 894 824 essentiali
908 789 1021 823 forma
1036 800 1110 822 non
1128 786 1288 822 differant
1302 788 1319 822 ἱ
1336 788 1438 822 rebus
1453 810 1464 827 ,
1488 801 1633 836 quarum
1648 790 1724 824 sunt
1744 789 1965 837 corpuscula,

242 851 319 874 non
329 838 423 874 secus
433 850 472 873 ac
482 849 627 885 vapores
635 848 741 885 atque
749 837 987 872 exhalationes
995 846 1114 872 terreae
1132 835 1168 871 ὅ(
1176 847 1293 883 aqueae
1310 847 1382 871 non
1392 835 1557 872 differunt
1565 838 1582 871 a
1590 848 1678 872 terra
1692 837 1728 873 ὅ(
1736 849 1834 884 aqua.
1884 839 1965 874 Nec

242 888 364 926 refert,
381 886 522 934 quodin
531 892 608 921 aere
618 887 706 921 inter
716 885 1044 934 sepermisceantur3
1070 884 1183 919 mistio
1196 885 1289 919 enim
1302 895 1374 918 non
1391 885 1472 920 facit
1492 885 1634 928 (saltem
1650 898 1723 921 non
1740 885 1901 933 semper)
1927 896 1966 921 ut

243 937 419 985 propriam
431 944 586 970 naturam
595 944 742 979 exuant3
769 934 853 970 ficut
861 933 973 969 mistio
982 943 1223 968 ramentorum
1233 933 1325 971 auri,
1341 933 1490 981 argenti,
1505 934 1602 974 ferri,
1619 946 1692 969 non
1715 943 1827 969 mutat
1842 946 1967 970 eorum

244 994 405 1020 naturam
421 996 432 1028 3
460 995 526 1019 nec
549 983 584 1017 in
602 982 669 1017 istis
680 982 913 1018 distillatarum
931 983 950 1017 ἐ
965 982 1064 1022 rotis,
1082 982 1224 1021 cicoria,
1239 982 1323 1016 foece
1336 981 1406 1016 vini
1416 993 1455 1016 ac
1463 981 1622 1017 similibus
1636 984 1754 1023 rebus,
1778 981 1901 1023 efficit,
1928 994 1966 1020 ut

243 1034 281 1068 in
292 1032 483 1068 seinvicem
494 1031 733 1071 mutentur,&
742 1042 868 1066 omnes
877 1043 981 1066 unam
996 1031 1142 1065 induant
1153 1040 1322 1066 naturam.
1372 1030 1421 1064 Ex
1436 1042 1507 1077 quo
1517 1031 1679 1071 insertur,
1695 1032 1729 1066 in
1739 1037 1817 1066 aere
1832 1043 1905 1066 non
1914 1031 1965 1067 so-

238 1081 316 1118 lum
327 1080 392 1116 else
403 1081 540 1115 effluvia
550 1080 692 1115 humida
702 1079 848 1120 &ficem
863 1090 1010 1127 vapores
1021 1078 1448 1117 (tilicetsscexhalationes,
1461 1090 1536 1126 quae
1552 1079 1614 1115 lint
1628 1092 1715 1127 aqua
1731 1079 1767 1115 ὅ(
1781 1089 1886 1120 tetra,
1904 1080 1962 1116 sed

240 1140 297 1166 tot
306 1128 373 1165 effe
382 1129 519 1164 illorum
530 1128 655 1176 species
666 1127 762 1163 simul
772 1129 959 1175 permixtas
968 1138 1073 1175 atque
1088 1127 1263 1166 confusas,
1278 1136 1366 1173 quot
1383 1125 1459 1164 sunt
1472 1127 1598 1175 species
1609 1140 1723 1163 rerum
1733 1151 1742 1168 ,
1758 1128 1776 1162 ὃ
1791 1129 1914 1176 quibus
1928 1131 1964 1166 vi

240 1179 365 1215 caloris
373 1200 382 1215 Ἰ
392 1187 450 1212 aut
458 1177 545 1226 ignis
555 1200 565 1216 ,
583 1187 642 1212 aut
650 1177 713 1212 alia
721 1176 818 1212 fimili
828 1176 967 1212 afflone
975 1176 1203 1214 relolvuntur,
1254 1175 1351 1210 Hinc
1360 1176 1597 1210 communiter
1606 1177 1732 1211 dicitur
1746 1177 1764 1211 a
1774 1176 1962 1213 sensatiori-

239 1229 304 1264 bus
312 1226 540 1273 Philosophis,
550 1232 664 1261 aerem
674 1225 846 1274 repletum
856 1225 987 1274 semper
997 1223 1063 1260 effe
1073 1222 1328 1271 Panspermz'a,seu
1341 1223 1490 1259 seminali
1499 1225 1625 1260 virtute
1639 1236 1766 1262 rerum.

338 1275 495 1324 Colliges
510 1274 594 1310 hinc
603 1273 729 1322 primo.
781 1274 1118 1322 Quarumvisrerum
1134 1270 1275 1308 effluvia
1290 1271 1344 1306 seu
1355 1271 1573 1320 corpuscula,
1589 1284 1664 1320 quae
1681 1274 1700 1308 e
1713 1275 1816 1308 rebus
1825 1285 1964 1321 proma-

238 1332 342 1365 nant,
353 1324 388 1359 ἃ
396 1324 432 1358 in
442 1322 556 1358 atium
567 1322 718 1363 evolant,
728 1321 795 1357 else
804 1322 1048 1358 Meteororum
1059 1321 1237 1356 materiam
1245 1321 1439 1368 proximam
1450 1343 1460 1361 ,
1474 1321 1525 1356 uti
1541 1321 1634 1357 enim
1643 1333 1738 1370 aquae
1748 1321 1784 1357 ὅ(
1792 1332 1906 1363 terrae,
1918 1323 1964 1359 ita

239 1374 277 1409 ὅ(
287 1373 486 1420 quatumvis
495 1371 637 1407 aliarum
645 1382 761 1407 rerum
770 1369 952 1408 effluviain
961 1370 1120 1412 nubeS,in
1129 1369 1279 1418 pluvias,
1294 1370 1330 1403 in
1338 1369 1501 1411 fulmina,
1522 1370 1558 1405 ὅ(
1572 1370 1608 1405 in
1623 1371 1684 1406 alia
1702 1370 1864 1406 Meteora
1877 1383 1964 1408 con-

239 1420 377 1459 flantur.

330 1463 486 1517 Colliges
494 1473 615 1504 'tamen
627 1467 645 1503 s
639 1468 791 1507 ecundo,
800 1478 866 1503 nos
877 1464 1017 1516 perhoc
1027 1478 1101 1504 non
1110 1464 1301 1501 r‘ecederea
1311 1465 1477 1501 sententia
1484 1465 1676 1502 Aristotelis
1685 1466 1962 1508 statuentis,duas

215 1519 362 1555 stantum
373 1528 583 1553 communes
593 1517 720 1564 species
730 1516 997 1564 exspirationum
1005 1525 1170 1563 vaporem
1180 1514 1345 1562 nempe&
1353 1514 1827 1563 exhalationem,quiarevera
1837 1518 1878 1551 ad
1887 1519 1963 1554 haec

223 1569 298 1603 duo
311 1566 534 1603 effluviorum
545 1566 677 1601 summa
685 1574 814 1613 genera
822 1564 976 1613 respeE'tu
985 1565 1020 1599 in
1031 1564 1197 1598 seriorum
1206 1585 1216 1603 ,
1225 1564 1343 1598 omnia
1351 1563 1480 1611 reliqua
1490 1561 1628 1599 effluvia
1638 1565 1793 1600 revocari
1802 1564 1959 1611 possunt,

224 1616 396 1665 quidquid
410 1615 549 1649 enimin
558 1615 667 1650 altum
676 1614 839 1653 ascendit,
850 1623 908 1649 aut
919 1613 1105 1648 humidum
1117 1611 1172 1646 seu
1181 1623 1332 1658 aqueum
1344 1611 1407 1651 est,
1423 1621 1482 1646 aut
1492 1612 1618 1647 ficcum
1637 1612 1692 1648 seu
1708 1613 1911 1660 spiritosum.

328 1662 520 1699 Conclusio
532 1663 642 1698 tertia.
694 1663 964 1698 Exhalationum
973 1662 1097 1695 harum
1107 1671 1180 1695 non
1201 1672 1269 1695 una
1288 1660 1483 1708 eademque
1497 1661 1686 1708 proprietas
1702 1661 1749 1695 est
1763 1675 1774 1706 3
1799 1663 1958 1709 quaedam

229 1713 325 1749 enim
333 1711 548 1747 transverlim
559 1712 832 1759 circumquaque
841 1710 1084 1745 distenduntur
1092 1732 1102 1748 ,
1111 1719 1150 1743 ut
1164 1709 1282 1744 videre
1296 1710 1343 1743 est
1354 1709 1389 1743 in
1400 1708 1621 1744 exhalatione
1631 1710 1759 1750 thuris,
1773 1709 1957 1751 videlicet,

219 1762 270 1798 vci]
278 1774 310 1796 vn
326 1759 466 1796 effluvia
477 1757 636 1795 craffiora
646 1759 842 1806 (int,aequali
852 1758 1158 1806 :equilibranturab
1169 1756 1450 1792 aerefflonnunae
1460 1757 1736 1793 determinantur
1745 1760 1959 1806 quandoque

226 1811 386 1846 adunam
397 1807 846 1847 viamwelexmotuaeris,
864 1807 1028 1854 veliplius
1046 1806 1202 1853 corporis
1218 1805 1417 1843 exhalantis,
1470 1806 1565 1840 Hinc
1581 1807 1668 1841 ratio
1685 1807 1841 1841 redditur
1859 1830 1870 1847 ,
1897 1819 1960 1845 cur

230 1858 325 1894 canis
336 1859 370 1892 in
382 1858 476 1893 bivio
487 1857 693 1892 constitutus
702 1857 792 1890 viam
802 1855 996 1904 dignoscat,
1012 1865 1185 1902 perquam
1197 1855 1300 1888 herus
1312 1854 1460 1901 perrexit
1475 1867 1486 1899 ς
1512 1855 1675 1890 nimirum
1692 1855 1864 1890 exhalatio
1881 1856 1959 1891 reli-

231 1906 287 1943 &a
296 1908 337 1942 ab
347 1907 422 1941 heri
432 1916 582 1953 corpore
590 1928 599 1944 ,
609 1905 645 1940 ὅ(
656 1915 715 1952 per
724 1904 870 1940 madium
879 1905 940 1940 viae
951 1905 1161 1939 continuatae
1171 1902 1336 1937 indicium
1346 1904 1484 1950 praeben
1534 1903 1618 1938 Aliae
1628 1903 1864 1938 exhalationes
1874 1904 1961 1944 finnt,

230 1967 309 2004 quae
320 1955 525 2003 corporibus
535 1953 705 1988 extraneis
717 1953 788 2001 ipso
797 1953 960 1988 contactu
971 1951 1219 1990 adhaerescunt,
1231 1951 1273 1986 fic
1282 1952 1339 1998 qui
1350 1953 1440 1986 inter
1450 1951 1577 1986 odores
1589 1952 1646 1986 diu
1655 1950 1773 1986 versati
1785 1951 1961 1992 mnndum

227 2006 359 2040 abeunt
369 2026 378 2043 ,
401 2003 516 2038 secum
525 2002 698 2050 asportant
708 2002 905 2037 odoriferos
916 2002 1087 2049 quosdam
1098 1999 1233 2037 halitus,
1284 1999 1466 2034 Nonnulla
1483 1997 1622 2034 effluvia
1632 2011 1713 2034 curn
1723 2000 1824 2035 certis
1834 2000 1904 2036 aliis
1912 2003 1961 2037 sa-

228 2053 295 2089 cile
304 2050 782 2091 commiscentur,&1ubeunt
790 2073 800 2089 ,
809 2050 1074 2097 pervaduntque
1084 2058 1199 2083 totum
1208 2047 1354 2083 tranum
1363 2047 1498 2085 alterius
1508 2046 1659 2087 efiluvii,
1678 2048 1772 2083 secus
1781 2051 1866 2084 vero
1876 2062 1960 2086 cum

229 2101 439 2149 quibusdam
460 2099 542 2135 aliis.
593 2098 800 2147 Exemplum
810 2098 1156 2145 exhibentliquores3
1173 2109 1260 2144 aqua
1270 2097 1363 2131 enim
1374 2095 1473 2132 facile
1488 2096 1649 2131 miscetur
1663 2109 1744 2132 cum
1763 2098 1868 2138 vino,
1885 2111 1960 2134 non

228 2150 314 2186 item
324 2161 405 2184 cum
416 2148 516 2187 oleo,
541 2148 650 2195 idque
667 2159 740 2182 non
752 2147 861 2182 solum
872 2159 913 2181 ex
928 2147 1112 2195 gravitate,
1128 2143 1184 2180 led
1200 2156 1242 2180 ex
1260 2144 1480 2192 dispofitione
1495 2144 1561 2192 ipsa
1576 2145 1820 2192 particularum
1836 2169 1847 2186 ,
1874 2159 1957 2184 nam

229 2209 409 2247 aqua,quce
420 2196 519 2232 facile
533 2197 597 2231 sese
617 2196 841 2244 insinuat,per
850 2197 973 2231 tubum
983 2194 1126 2242 plenum
1135 2194 1218 2229 vino
1229 2206 1239 2238 3
1258 2205 1330 2227 non
1341 2193 1467 2228 subitin
1477 2194 1601 2228 tubum
1613 2193 1694 2228 oleo
1705 2193 1861 2242 plenum.

326 2247 376 2281 Ex
386 2246 436 2281 his
446 2245 630 2280 deducitur
660 2244 768 2284 rimo,
790 2244 826 2279 in
842 2245 933 2279 hanc
948 2243 1157 2278 mixtionem
1176 2241 1350 2289 spirituum
1366 2241 1466 2276 facile
1479 2241 1596 2276 referri
1606 2241 1689 2277 utin
1700 2243 1856 2284 causam,
1875 2243 1959 2280 effe-

225 2292 304 2331 &us
313 2294 503 2330 nonnullos
512 2293 631 2329 mirabi
647 2304 682 2328 es
692 2316 703 2334 ,
718 2293 875 2340 itemque
885 2291 1056 2328 naturales
1066 2313 1076 2332 ,
1093 2301 1135 2326 ex
1143 2291 1267 2338 quibus
1279 2291 1393 2339 primo
1410 2289 1545 2338 aspectu
1558 2291 1736 2326 videretur
1749 2291 1840 2328 affio
1860 2292 1896 2328 in
1906 2293 1958 2328 di-

227 2343 318 2380 stans
340 2342 550 2378 confirmari.

324 2391 521 2428 Deducitur
532 2388 697 2428 secundo.
749 2385 926 2425 Medicam
932 2398 1096 2425 entorum
1106 2388 1207 2427 vires,
1217 2389 1282 2435 qui
1292 2387 1483 2423 irritatione
1492 2398 1618 2435 corpus
1636 2384 1828 2422 senfitivum
1846 2387 1953 2425 affici..

221 2448 291 2477 unt
298 2452 360 2488 per
369 2440 497 2475 idonea
504 2438 749 2486 particularum
760 2438 795 2474 &
806 2438 1012 2485 qualitatum
1022 2435 1247 2475 ef'fluvia,fi1tis
1257 2435 1416 2482 explicari
1429 2458 1440 2476 ,
1459 2435 1646 2471 neStuntur
1659 2435 1754 2471 enim
1777 2437 1954 2483 particulae

223 2488 563 2526 medicamenticum
572 2486 744 2535 particulis
755 2486 844 2522 illius
853 2486 1010 2535 corporis
1020 2507 1031 2526 ,
1048 2485 1131 2520 inde
1147 2494 1265 2519 motus
1281 2484 1399 2519 diverti
1417 2484 1710 2525 determinantur,
1725 2483 1951 2522 effervescen-

225 2538 292 2579 tiae,
303 2537 591 2573 fermentationes
604 2535 673 2573 &a
691 2576 693 2579 ,

324 2586 521 2621 Deducitur
529 2582 1079 2620 tertiosoloMedicamentorum
1088 2581 1199 2616 odore
1207 2580 1261 2618 vel
1270 2580 1361 2616 tac‘lu
1372 2591 1519 2629 corpora
1528 2581 1741 2628 quandoque
1748 2579 1839 2616 affici
1848 2581 1952 2618 noxia

224 2633 281 2671 vel
290 2633 447 2682 proficua
455 2634 721 2677 immutatione3
745 2642 874 2679 nempe
883 2629 1013 2666 effluvii
1022 2630 1160 2665 odorati
1175 2629 1347 2674 particulos
1357 2631 1392 2665 in
1402 2640 1526 2665 nervos
1538 2630 1736 2670 incurrunt,
1752 2629 1788 2665 ὅ(
1798 2641 1867 2677 ope
1876 2631 1949 2678 Spi-

222 2684 354 2719 rituum
366 2692 483 2717 motus
491 2681 567 2716 illos
578 2681 811 2716 determinant
818 2703 828 2721 ,
837 2690 925 2728 quos
934 2680 1144 2715 inducerent
1152 2678 1412 2714 Medicamenta
1421 2677 1519 2725 ipfiffl
1528 2677 1579 2711 vel
1591 2677 1757 2724 applicata
1763 2677 1817 2713 vel
1826 2677 1949 2713 assum-

225 2740 284 2780 pta
294 2743 365 2766 non
375 2731 485 2765 modo
499 2730 622 2765 olfatta
638 2729 775 2765 fuissent
791 2742 803 2775 3
827 2728 984 2777 quamvis
994 2728 1087 2763 enim
1103 2727 1247 2762 minima
1262 2726 1340 2767 fint,
1365 2727 1400 2763 ὅ(
1414 2722 1620 2762 subtiliffima
1630 2726 1740 2761 odora
1748 2726 1951 2774 corpuscula

225 2778 415 2819 effluentia,
425 2780 507 2814 cum
518 2778 780 2814 innumerabilia
788 2788 906 2813 tamen
916 2776 989 2817 fint,
998 2775 1141 2812 &fedius
1153 2775 1317 2811 senfibiles
1334 2777 1454 2811 eadem
1464 2774 1598 2810 ratione
1607 2786 1792 2822 procurare
1800 2774 1951 2822 possunt,

226 2840 296 2876 qua
305 2828 422 2863 valent
435 2824 660 2862 minutiffima
674 2827 812 2862 elateria
820 2826 969 2875 pulveris
979 2825 1076 2864 nitri,
1085 2825 1288 2860 &similium
1300 2826 1500 2859 mixtorum.

324 2876 519 2912 Deducitur
527 2877 674 2923 Qarto.
682 2878 780 2923 Qas
790 2876 824 2911 in
835 2874 996 2923 gemmiS,
1005 2873 1041 2909 ὅ(
1050 2870 1216 2908 soffilibus
1226 2872 1328 2908 inesse
1337 2872 1469 2908 constat
1477 2870 1656 2919 qualitates
1669 2871 1823 2907 occultas
1833 2871 1869 2907 ὃ(
1877 2871 1948 2920 spe-

223 2924 640 2973 cificas,perAnalogiam
651 2925 822 2974 magnetis
839 2924 875 2959 ὃς
891 2922 1007 2958 εὲεᾶῐὶ
1024 2923 1059 2957 in
1076 2921 1225 2958 effluviis
1235 2921 1416 2958 conflstere
1427 2921 1500 2956 satis
1516 2920 1708 2954 commode
1720 2920 1948 2967 proponitur3

221 2985 291 3009 nec
301 2974 405 3008 refert
413 2984 594 3020 opponere
602 2973 795 3020 periculum
805 2971 1058 3009 Diminutionis
1067 2982 1285 3019 gemmarum
1295 2971 1330 3006 ὃς
1340 2971 1496 3005 fimilium
1507 2970 1551 3003 ob
1561 2969 1729 3003 continua
1738 2966 1889 3008 effluvia,
1898 2970 1946 3004 sa-

221 3021 286 3057 cile
297 3022 389 3056 enim
400 3022 599 3069 intelligitur
608 3021 832 3057 insensibilem
841 3018 1044 3067 hujusmodi
1054 3021 1207 3055 suturam
1216 3020 1486 3054 diminutionem
1496 3018 1598 3052 etiam
1609 3014 1797 3052 diutiffimo
1806 3026 1945 3065 tempo-

226 3082 282 3105 re.
299 3079 338 3105 ut
349 3072 465 3117 aperte
473 3070 789 3117 deprehenditurin
804 3069 1029 3107 Chirothecis
1039 3068 1210 3106 odoratis,
1224 3068 1387 3115 quaelicet
1399 3067 1526 3102 diutius
1538 3065 1774 3101 exhalaverint
1782 3066 1945 3106 odorem,

229 3130 298 3156 nec
314 3120 472 3167 pondere
482 3128 612 3160 tamen,
621 3129 687 3163 nec
699 3118 796 3156 mole
803 3117 997 3156 sensibiliter
1007 3117 1222 3153 decrescunt.
1249 3117 1472 3165 Qut-nquam
1481 3113 1639 3163 processu
1649 3113 1816 3161 temporis
1826 3109 1946 3196 pin-nia

1839 3173 1948 3210 'iujus-
