2054 3496
252 271 413 326 modo
436 267 632 324 naturali
648 307 661 327 ,
678 264 759 319 sed
777 267 831 319 δε
845 267 1019 320 morali
1034 267 1347 341 Philosophia:
1364 310 1375 329 ‚
1395 285 1502 341 quae
1518 267 1568 320 in
1587 267 1764 321 eodem
1773 270 1966 323 tradun-

253 356 331 393 tur
345 344 507 412 Lyceo
518 379 530 399 ,
546 337 825 389 innituntur.
861 337 970 387 Sine
986 335 1076 388 hac
1094 358 1242 391 nemo
1255 335 1568 407 Philosophus
1590 335 1832 390 absolutus
1849 379 1862 399 ,
1887 339 1968 396 sed

255 427 317 462 ne
337 406 497 460 homo
516 403 713 478 quidem
729 424 743 460 5
769 415 907 458 Omnis
920 414 1024 476 enim
1036 415 1165 469 homo,
1183 404 1431 459 Aristotele
1447 405 1578 465 teste,
1598 416 1841 460 naturaliter
1858 417 1909 473 est
1925 432 1969 463 a·

251 487 591 533 nimalPoliticum
604 482 662 532 ὠν
677 481 804 526 civile.
887 472 1144 542 Digestum
1160 473 1224 526 fic
1248 494 1303 527 ex
1321 471 1651 544 probatiffimis
1668 471 1969 525 Authoribus

255 563 385 598 nova
403 541 491 595 hac
508 540 666 593 forma
682 537 989 612 opusculum,
1011 538 1045 589 fi
1065 538 1182 593 nihil
1200 558 1359 594 tamen
1376 540 1585 611 lippienti
1604 540 1755 593 oculo
1779 558 1970 594 novum

255 610 510 670 videbitur,
530 608 732 680 cogitet,
751 623 841 659 nec
856 606 1007 659 ahena
1023 625 1212 680 carpere
1228 613 1281 663 &
1292 608 1516 662 mordere
1532 608 1691 661 modo
1706 621 1895 662 novum
1905 608 1969 664 es-

255 680 313 734 se.
377 679 747 732 RedteSoci-ates
757 715 768 734 ‚
783 684 934 744 difficile
944 688 995 745 est
1006 689 1065 731 ita
1080 688 1287 747 quidquam
1297 699 1491 746 peragere
1511 698 1554 731 ut
1574 685 1675 730 nihil
1686 702 1796 731 erres
1802 703 1816 736 ;
1829 683 1972 745 quodsi

253 748 462 808 etiamfim
474 760 612 791 errore
623 745 828 807 quisqtfam
844 744 996 803 aliquid
999 757 1183 804 peragat,
1198 745 1349 803 difficile
1360 746 1411 802 est
1420 779 1431 799 ‚
1445 760 1522 788 non
1538 746 1712 804 iniquum
1716 746 1887 801 judicem
1902 758 1968 788 re-

247 818 398 878 perire.
464 802 659 856 Interim
673 800 760 852 sibi
774 801 973 854 meliora
989 801 1181 873 parandi
1202 801 1515 855 necessitatem
1538 801 1745 872 imponit
1769 801 1890 873 ,qui
1915 816 1970 853 ut

255 875 362 927 trita
381 872 554 944 spernit
567 868 728 922 aliena.
796 869 1045 921 Peffimum
1062 870 1243 941 semper
1259 869 1491 945 judicium
1507 872 1571 922 est
1585 911 1597 930 ‚
1615 867 1700 921 ubi
1711 882 1817 921 non
1832 887 1970 921 mens

255 941 336 996 sed
349 940 467 993 dens
484 937 764 991 sententiam
784 937 884 989 fert.
951 943 1008 990 Et
1028 938 1164 1009 quod
1181 937 1435 990 ridiculum
1459 938 1522 990 est
1544 961 1553 989 :
1584 941 1711 1009 Saepe
1727 953 1970 1008 praeoccu-

258 1066 259 1069 ,
291 1027 391 1063 atus
407 1009 591 1060 sinistro
608 1003 785 1057 affeetu
803 1007 985 1057 animus
1002 1007 1094 1075 jam
1113 1006 1162 1057 in
1177 1006 1423 1058 censuram
1435 1008 1588 1081 operis
1604 1005 1820 1078 linguam
1833 1007 1886 1056 ὅ(
1896 1023 1970 1057 ca-

275 1097 440 1132 amum
459 1073 644 1146 expedit
655 1114 666 1133 ,
721 1072 824 1124 uod
841 1073 1053 1126 necdum
1069 1073 1185 1126 vidit
1201 1074 1370 1126 oculus
1387 1114 1400 1134 ,
1419 1093 1575 1125 minus
1600 1093 1735 1126 mens
1757 1071 1970 1146 legendo

257 1145 539 1217 dijudicavit.
606 1145 674 1193 Ita
686 1091 1015 1193 <(lomachante
1038 1142 1202 1194 animo
1226 1141 1402 1213 peffimi
1427 1161 1584 1194 rerum
1602 1140 1833 1193 efficimur
1850 1139 1972 1193 arbi-

256 1233 327 1270 tri.
393 1209 768 1267 Imbecillitatem
785 1225 945 1261 tamen
961 1211 1173 1261 nostram
1188 1212 1242 1262 ὃς
1269 1211 1441 1262 mentis
1457 1213 1510 1261 δε
1525 1209 1690 1262 calami
1707 1209 1832 1261 ultro
1859 1229 1972 1279 pro-

258 1286 478 1339 fitemur3
501 1277 619 1351 quid
643 1277 773 1329 enim
792 1278 1013 1329 nostrum
1031 1279 1080 1329 in
1097 1275 1218 1330 orbe
1236 1277 1502 1353 perfeetum
1520 1279 1547 1331 ‘3
1573 1295 1627 1329 ut
1648 1277 1741 1330 vita
1755 1317 1767 1337 ,
1785 1278 1846 1330 fic
1864 1278 1973 1330 scri·

258 1369 340 1426 pta
353 1367 517 1403 errore
533 1366 639 1399 non
655 1361 833 1398 vacant.
899 1344 1042 1398 Unde
1059 1348 1112 1398 ὅ(
1128 1345 1420 1416 mihi‘parces
1429 1345 1583 1406 facile,
1600 1346 1684 1418 qui
1700 1348 1753 1397 ὃ(
1768 1343 1971 1398 scriben-

259 1422 295 1474 ti
311 1417 396 1472 tibi
411 1421 537 1489 parci
555 1414 681 1470 velis,
742 1416 824 1465 'Tu
840 1413 1027 1466 interim
1045 1411 1279 1467 benevole
1287 1418 1465 1467 Lector
1487 1416 1540 1466 ὃς
1557 1433 1717 1486 aequus
1735 1431 1895 1467 rerum
1911 1433 1970 1466 ae-

260 1491 476 1543 stimator
500 1484 563 1536 fic
584 1481 876 1553 opusculum
899 1480 1155 1534 hoc‘velim
1170 1482 1416 1558 pervolvas
1435 1522 1448 1542 ,
1465 1499 1517 1533 ut
1537 1482 1656 1533 dum
1673 1482 1971 1537 intellectum

258 1551 593 1625 Philosophica
608 1549 751 1621 pascis
777 1549 1075 1610 curiositate,
1099 1567 1318 1602 animum
1343 1569 1438 1602 una
1458 1551 1507 1602 in
1531 1550 1855 1603 admirandam
1873 1554 1972 1605 Au-

260 1626 411 1680 thoris
429 1626 624 1676 Natura:
648 1618 922 1688 sapientiam
945 1616 1122 1669 obtutu
1148 1635 1416 1678 convertas,
1438 1634 1628 1689 utpote,
1651 1638 1756 1690 quae
1773 1637 1878 1670 non
1896 1618 1970 1673 so-

260 1696 365 1751 lum
381 1695 430 1745 in
441 1689 627 1763 magnis
642 1705 823 1760 magna
833 1685 931 1746 ,sed
942 1688 995 1737 ὃς
1013 1688 1061 1738 in
1078 1687 1286 1738 minimis
1301 1688 1506 1738 maxima
1516 1686 1702 1739 relucet.
1769 1689 1901 1738 Nam
1918 1706 1971 1742 ut

258 1782 368 1818 non
378 1761 536 1813 minus
551 1755 779 1830 sapienter
786 1771 842 1807 ac
851 1755 925 1825 pie
933 1753 1244 1827 sagacissimus
1258 1758 1599 1807 Meteororum
1610 1755 1967 1824 contemplator

259 1826 569 1887 Fromondus
593 1824 749 1893 inquit
763 1846 778 1873 :
802 1822 914 1875 ideo
937 1839 1103 1876 natura
1120 1863 1132 1882 ‚
1155 1839 1235 1874 aut
1258 1838 1435 1874 naturae
1460 1821 1652 1875 Author
1676 1826 1842 1876 DEUS
1865 1823 1967 1877 haec

262 1898 484 1975 prodigia
508 1892 712 1948 coelestia
727 1931 739 1950 ,
764 1893 822 1943 ·&
841 1887 960 1942 mira
980 1891 1029 1942 in
1047 1890 1178 1943 coelo
1195 1889 1514 1962 phaenomena
1539 1892 1588 1942 in
1611 1890 1706 1942 alto
1723 1891 1971 1963 suspendit,

256 1985 405 2042 atque
423 1963 573 2018 oculis
591 1960 760 2014 nostris
783 1959 1016 2029 exposuit,
1030 1976 1084 2010 ut
1100 1958 1433 2030 suspiceremus
1452 1960 1689 2010 Creatoris
1712 1960 1761 2010 in
1777 1959 1967 2014 mirabi-

392 2031 514 2088 libus
526 2028 812 2106 *Sapientiam
824 2031 881 2079 ὅς
895 2028 1203 2096 Majestatem.
1288 2026 1363 2079 Sic
1377 2028 1521 2101 igitur
1535 2044 1650 2078 meo
1674 2025 1839 2080 labore

935 2094 1090 2148 fruere
1109 2098 1162 2147 ὅ(
1178 2094 1291 2148 vale.

1795 3071 1973 3143 DIS-
