2054 3496
640 182 1211 253 Philosophico-Politica.
1697 198 1791 254 241

175 268 281 305 Circu
296 268 445 304 modum
460 268 544 304 vero
561 268 676 316 ignem
687 269 800 309 hunc,
817 267 961 316 ejusque
974 269 1152 304 materiam
1162 267 1500 309 conficiendi,variae
1509 268 1693 317 opiniones
1708 268 1796 307 sunt.

72 314 229 362 deam
239 317 357 352 oleum
376 316 520 352 metallis
536 317 727 352 extractum
738 339 748 356 ,
770 317 1042 364 succensumque
1055 327 1223 365 perpetuo
1238 317 1390 352 arsurum
1405 317 1564 355 afferunt.
1613 317 1684 353 Alii
1700 329 1742 352 ex
1759 329 1793 352 a·

72 366 207 399 mianto
223 364 334 412 lapide
351 366 387 399 in
398 364 515 399 oleum
528 364 685 399 distillato
705 365 882 400 materiam
900 364 1213 400 incombustibilem
1228 365 1300 400 fieri
1315 365 1449 400 volunt.
1500 365 1673 402 Nonnulli
1687 388 1698 405 ,
1713 365 1794 413 quia

34 425 36 427 ¹
72 411 115 446 sal
131 411 214 447 oleo
231 410 375 459 injefi‘tus
390 412 585 460 lampadem
603 413 810 448 diuturniori
818 422 977 460 tempore
991 415 1126 452 ardere,
1142 413 1177 448 ὅ(
1190 414 1319 448 tardius
1328 414 1479 463 extingui
1491 414 1581 453 sinit,
1596 414 1743 460 opinati,
1754 425 1792 447 o-

71 459 164 494 leum
176 462 196 495 ὲ
213 460 277 495 sale
293 461 396 495 usuali
414 460 578 496 exueram
596 462 671 496 sore
686 470 904 509 perpetuum.
965 461 1155 508 Jonstonus
1172 460 1314 508 sequens
1334 463 1480 497 mixtum
1497 462 1679 510 praescribit
1694 475 1703 498 ι
1718 462 1792 496 Sul-

73 509 191 556 phuris
206 531 216 548 ,
238 508 274 544 ὅ(
289 509 447 544 aluminis
464 509 622 544 calcinati
638 510 755 544 uncias
764 522 799 555 4.
815 510 834 543 e
848 510 972 550 quibus
987 509 1171 544 sublimatis
1189 508 1292 544 flores
1308 509 1448 558 colligit.
1506 510 1644 545 Florum
1661 510 1792 545 sextan-

73 565 145 590 tem
167 569 248 592 cum
264 555 575 606 semiunciajungit
585 557 704 593 Boraci
721 556 913 604 crystallino
923 558 1065 592 Veneto
1084 557 1227 597 unciali,
1242 557 1349 604 inque
1363 559 1501 593 concha
1513 559 1621 593 vitrea
1636 558 1794 594 contritis

70 603 235 646 affundit,
255 606 406 653 spiritum
417 606 488 640 vini
503 615 623 653 quater
639 604 850 644 distillatum,
865 605 899 640 ὃ(
912 605 999 640 faeta
1009 604 1219 653 digestione,
1234 605 1400 641 abstracto
1415 604 1472 641 illo
1482 629 1492 646 ,
1502 618 1634 643 novum
1643 607 1796 654 reponit,

71 654 177 699 idque
188 655 312 701 repetit
330 655 399 693 bis,
414 664 483 693 ter,
497 653 552 689 vel
566 663 706 701 quater,
722 654 837 688 donec
853 652 1169 701 nempeihlphurin
1177 664 1262 688 aerea
1271 654 1397 690 lamina
1407 654 1604 690 candefacta
1615 654 1792 690 finefumo

71 702 172 737 instar
189 714 274 737 cerae
293 699 386 737 fluat.
438 702 521 737 Hoc
535 702 716 749 pabulum,
731 700 928 749 inquit,est.
980 700 1199 748 Ellychnium
1210 713 1315 749 porro
1334 703 1487 750 sequenti
1503 703 1613 738 modo
1633 701 1797 738 conficit}

70 749 203 785 A=zbesti
215 749 333 797 lapidis
343 748 517 786 filamenta
531 750 752 797 longitudine
769 750 866 798 digiti
883 749 1098 789 auriculariS,
1113 748 1257 785 crassitie
1269 761 1354 785 vero
1365 751 1480 786 media
1495 751 1649 799 colligat,
1665 760 1795 786 veneto

74 797 233 845 sulphure
243 799 386 838 imbuit,
398 798 563 837 tumulat,
581 799 615 834 ὅς
637 798 670 832 in
682 809 784 832 arena
801 797 936 833 calente
950 798 1108 844 hori524.
1122 798 1307 845 decoquit,
1325 797 1509 834 ebulliente
1520 799 1649 847 semper
1659 799 1794 846 sulphu-

75 858 132 891 τεν,
152 846 343 882 delibutum
356 848 398 883 fic
408 847 620 895 ellychnium
636 845 785 893 disponit
798 846 834 880 in
849 846 986 881 concha
1000 847 1126 886 vitrea,
1141 855 1179 881 ut
1189 847 1342 881 emineat
1357 847 1536 893 paululum
1556 860 1567 892 3
1607 885 1616 896 ς
1631 848 1717 895 gerit
1734 846 1795 882 sul-

9 919 12 939 5
70 896 161 943 phur
177 906 422 942 praeparatum,
439 896 613 931 concham
630 895 663 929 in
672 905 811 929 arenam
826 894 1126 934 calenteminiert,
1142 904 1181 929 ut
1196 895 1568 942 iulpliurliquescat,&
1583 861 1795 943 effychnitim

21 962 23 967 ν
72 944 360 991 comprehendat.
414 945 498 979 Hoc
513 942 615 980 semel
624 940 884 991 accensumjugi
896 941 1034 977 flamma
1049 942 1200 977 arsurum
1217 944 1346 983 credit,
1361 943 1711 992 quocunquelampas
1721 945 1796 979 haec

71 991 153 1026 loco
171 1002 368 1039 reponatur.
421 992 521 1027 Pater
530 991 656 1027 Caefius
672 990 802 1026 veroin
816 990 1048 1039 Minerologia
1062 992 1159 1026 hunc
1168 992 1315 1026 modum
1326 1001 1433 1030 tenet,
1443 993 1548 1027 vitrea
1566 992 1796 1041 phialaliquo-

71 1051 109 1075 re
127 1037 329 1075 tenuiffimae
347 1041 550 1079 substantiae,
566 1039 772 1087 sulphureae,
787 1038 976 1086 velpiceae,
991 1051 1066 1087 quae
1082 1040 1119 1074 sit
1140 1040 1291 1074 minimae
1313 1041 1567 1088 evaporationis
1581 1063 1591 1080 ,
1607 1041 1797 1087 repleatur,

73 1088 107 1123 ὅ(
121 1087 284 1135 speculis,
300 1089 353 1124 vel
370 1090 466 1137 igne,
482 1088 536 1123 vel
552 1099 652 1123 motu
667 1088 886 1125 accendatur.
953 1087 1104 1122 Flamma
1123 1088 1198 1123 haec
1219 1087 1322 1124 semel
1336 1088 1477 1124 accensa
1493 1101 1672 1136 nunquam
1687 1089 1796 1125 extin-

69 1147 195 1185 guetur
205 1160 215 1176 ,
233 1146 308 1172 tum
319 1139 416 1184 ,quia
428 1138 555 1172 vitrum
573 1137 687 1171 nullus
697 1136 805 1171 subire
813 1135 925 1183 potest
933 1141 1009 1176 a'e'r,
1024 1137 1082 1183 qui
1092 1134 1230 1171 flamma
1239 1136 1502 1184 sopitavacuum
1512 1138 1631 1186 phialae
1641 1136 1799 1184 repleret,

70 1196 144 1220 tum
160 1185 239 1232 quia
261 1186 424 1233 pabulum
441 1186 521 1234 igne
542 1185 691 1220 solutum
709 1207 719 1224 ‚
746 1185 828 1220 cum
846 1184 880 1218 in
890 1189 1006 1219 aerem
1026 1185 1118 1219 abire
1127 1196 1200 1219 non
1213 1183 1646 1233 possit,redibititerumin
1655 1186 1798 1221 alimen-

70 1244 144 1268 tum
162 1235 262 1282 ignis.
315 1234 411 1269 Sicut
426 1237 511 1268 dum
530 1242 712 1281 argentum
730 1234 848 1267 vivum
867 1233 937 1281 igni
953 1233 1152 1280 impolitum
1166 1255 1177 1277 ,
1197 1234 1232 1267 in
1246 1234 1384 1268 fumum
1411 1233 1446 1269 &
1463 1245 1629 1282 vaporem
1646 1231 1804 1274 solvitur,

68 1283 125 1317 hic
149 1282 278 1329 frigidis
295 1282 521 1330 receptaculis
536 1292 700 1328 exceptus
711 1303 721 1321 ‚
737 1280 847 1316 rursus
858 1282 891 1315 in
908 1292 1093 1329 argentum
1109 1282 1228 1318 vivum
1243 1282 1468 1318 convertitur.
1519 1283 1674 1317 Eandem
1693 1283 1803 1318 terme

72 1331 258 1365 lormulam
274 1332 457 1378 praescribit
472 1330 614 1378 Baptista
630 1330 731 1364 Porta
746 1330 882 1367 citatus.

165 1378 262 1414 Salva
276 1389 394 1417 tamen
410 1389 588 1414 tantorum
603 1378 757 1413 virorum
772 1377 981 1413 authoritate
995 1377 1111 1413 verior
1127 1377 1249 1425 opinio
1271 1377 1429 1427 negativa
1446 1377 1511 1414 effe
1532 1378 1670 1413 videtur
1686 1400 1696 1417 ,
1722 1389 1804 1413 nam

70 1427 183 1474 primo
202 1428 277 1474 quis
292 1429 410 1462 credat
418 1429 538 1463 ardere
554 1427 691 1466 oleum,
706 1437 772 1461 nec
785 1436 903 1461 tamen
921 1425 1094 1466 consumi,
1106 1437 1187 1460 cum
1199 1426 1296 1461 {uum
1308 1427 1394 1475 ignis
1410 1426 1614 1462 alimentum
1625 1427 1799 1463 continuo

68 1475 284 1522 clepalcatur,
297 1487 362 1510 nec
374 1476 466 1510 aliud
478 1475 514 1510 {it
522 1476 659 1514 ardere,
669 1486 772 1522 quam
781 1474 984 1510 alimentum
996 1475 1032 1508 in
1043 1474 1370 1512 fumumrelfflvere.
1424 1476 1589 1512 Secundo
1603 1478 1734 1512 conitar
1745 1486 1804 1510 ex-

69 1524 360 1572 perientiaignem
379 1536 452 1558 non
471 1525 584 1558 minus
602 1527 675 1559 ae're
689 1523 817 1562 libero,
832 1534 871 1557 ac
883 1522 1051 1557 alimento
1069 1523 1243 1570 indigere,
1259 1534 1298 1559 ut
1314 1523 1403 1559 benc}
1420 1525 1577 1559 oblervat
1596 1524 1806 1559 Honoratus

74 1571 166 1606 Fabri
186 1572 278 1607 tra&⁴
298 1583 322 1616 5.
334 1572 353 1607 l.
365 1585 396 1607 2.
408 1584 521 1620 p.149.
537 1572 618 1608 cum
636 1571 885 1618 enim,inquit,
900 1571 986 1619 ignis
1003 1582 1108 1618 purus
1125 1583 1198 1606 non
1214 1572 1251 1606 {it
1266 1594 1277 1611 ,
1303 1571 1359 1607 sed
1378 1583 1460 1607 cum
1480 1574 1630 1607 humore
1656 1570 1805 1620 conjun-

69 1620 161 1659 tlus,
182 1620 323 1656 hiclane
332 1627 523 1661 rarclcens,
539 1620 594 1655 vel
607 1620 738 1659 avolat,
756 1620 776 1654 li
792 1628 885 1667 patet
899 1620 1027 1659 exitus,
1043 1619 1095 1655 vel
1113 1620 1134 1654 ii
1152 1622 1267 1655 omnis
1285 1621 1395 1656 exitus
1419 1621 1605 1656 obstruitur
1619 1643 1629 1661 ,
1646 1622 1736 1669 quali
1755 1632 1806 1656 re-

74 1664 248 1715 percussus
259 1678 371 1716 partes
391 1669 478 1717 ignis
494 1669 639 1708 dirimit,
654 1680 693 1703 ac
703 1669 848 1715 proinde
863 1668 951 1716 ignis
967 1667 1162 1702 suffocatur.
1215 1669 1264 1704 Ita
1280 1669 1345 1705 ille.
1397 1670 1475 1705 Nec
1492 1679 1564 1705 arte
1581 1668 1654 1704 fieri
1673 1668 1784 1717 potest
1795 1691 1805 1707 ,

72 1726 109 1751 ut
128 1715 265 1752 flamma
275 1718 310 1751 in
322 1717 466 1752 halitum
474 1718 590 1756 abeat,
601 1717 658 1764 qui
669 1717 795 1752 deinde
805 1716 839 1751 in
847 1716 965 1751 oleum
975 1716 1190 1756 concrescat,
1208 1729 1306 1756 nam,
1320 1718 1430 1766 pergit
1438 1718 1528 1752 idem
1540 1740 1549 1757 ,
1565 1718 1585 1752 fi
1597 1717 1677 1754 oleo
1689 1718 1802 1753 imbu-

76 1775 148 1799 tum
161 1764 373 1812 ellychnium
393 1766 620 1804 accendatur,
634 1765 758 1799 halitus
774 1766 792 1799 e
807 1763 945 1799 flamma
953 1764 1093 1800 avolans
1109 1765 1144 1799 in
1161 1765 1342 1813 fuliginem
1357 1767 1426 1807 abit
1449 1780 1456 1802 :
1472 1767 1551 1814 quia
1566 1765 1704 1803 flamma
1719 1767 1805 1800 mix-

70 1825 144 1848 tum
162 1813 313 1861 perrefite
331 1814 485 1853 resolvit,
505 1825 610 1861 quare
626 1823 737 1860 partes
748 1815 793 1847 de
807 1824 902 1848 novo
913 1813 999 1848 intra
1017 1814 1171 1848 eundem
1182 1814 1322 1861 plexum
1340 1815 1434 1851 coire
1447 1825 1638 1869 nequeunt.
1691 1816 1805 1850 (jaste,

67 1874 163 1902 rum,
174 1863 270 1909 quod
283 1862 414 1898 dietum
424 1862 470 1898 est
480 1862 677 1909 ajonssono
697 1863 742 1896 de
757 1860 886 1908 lychno
902 1861 1086 1901 asbestino,
1101 1863 1227 1897 fatetur
1235 1863 1382 1898 omnino
1400 1863 1467 1911 ipse
1475 1863 1661 1899 Kircherus
1681 1886 1691 1903 ,
1708 1862 1804 1898 iimili

67 1922 128 1958 per
143 1911 322 1945 biennium
335 1911 402 1946 line
419 1911 490 1945 ullo
510 1910 647 1946 defeciu
666 1911 696 1945 se
711 1910 808 1945 usum
825 1909 891 1945 effe
904 1923 915 1954 3
930 1910 1011 1944 licet
1026 1910 1086 1946 hic
1100 1910 1449 1949 incombustibilislit,
1464 1911 1591 1959 pabulo
1608 1922 1725 1948 tamen
1742 1923 1807 1946 nu-

69 1959 139 1994 rriri
157 1957 230 2006 ejus
247 1957 385 1996 flamma
402 1960 522 1999 debet,
537 1959 573 1994 ὅ(
588 1959 731 2006 quidem
747 1958 872 2006 pariter
886 1958 1176 2006 inconsumptibili
1191 1982 1201 1998 ,
1218 1960 1314 2007 quod
1331 1963 1490 2000 nondum
1506 1960 1672 1995 hactenus
1691 1971 1806 2008 reper-

68 2018 155 2044 tum.
205 2007 311 2046 Unde
328 2007 365 2043 ‹Sc
381 2008 448 2054 ipse
464 2008 671 2043 hicAuthor
686 2009 729 2041 de
744 2008 824 2056 igne
838 2017 1007 2055 perpetuo
1023 2006 1249 2042 conficiendo
1265 2008 1418 2055 desperat
1432 2031 1442 2048 ,
1457 2009 1515 2044 nili
1532 2010 1622 2044 rorte
1635 2008 1733 2043 locus
1749 2008 1804 2042 ali-

11 2055 16 2061 *
72 2056 148 2102 quis
166 2055 369 2102 reperiatur,
389 2057 422 2091 in
433 2068 504 2103 quo
514 2057 650 2104 copiam
660 2056 838 2091 bituminis
852 2055 1022 2090 continuo
1039 2055 1188 2091 stillantis
1204 2067 1324 2092 natura
1341 2057 1581 2093 recondiderit
1595 2078 1606 2095 ,
1621 2068 1661 2091 ac
1677 2058 1712 2091 in
1728 2065 1806 2104 apta

70 2106 110 2138 ab
121 2105 192 2138 hoc
211 2103 514 2140 distantialucerna
525 2104 699 2140 metallina
717 2104 1030 2139 constituaturcum
1042 2103 1171 2150 lychno
1182 2105 1351 2140 asbestino
1361 2128 1371 2145 ,
1391 2108 1433 2139 ad
1443 2117 1547 2151 quem
1557 2105 1674 2153 ignem
1685 2106 1807 2140 iovem

71 2153 155 2186 dum
175 2163 235 2199 per
251 2153 374 2187 tubum
385 2153 588 2200 plumbeum
599 2153 772 2188 continuo
787 2153 806 2187 e
823 2153 922 2187 fonte
937 2152 1116 2188 bituminis
1134 2155 1276 2188 materia
1294 2155 1502 2194 deducatur,
1518 2154 1584 2192 hac
1598 2153 1734 2190 ratione
1751 2165 1806 2190 ae-

75 2199 217 2236 censum
235 2199 337 2236 semel
355 2201 677 2249 ignem,nunquam
690 2201 964 2249 extinguendum
976 2201 1159 2248 promittit.

167 2247 263 2284 Hinc
280 2249 469 2284 dicendum
486 2251 529 2285 ad
545 2260 754 2284 memoratas
762 2251 962 2285 Authorum
979 2249 1163 2286 relationes
1180 2249 1222 2285 de
1240 2249 1387 2285 inventis
1402 2249 1634 2297 lampadibus,
1660 2261 1715 2285 eas
1731 2262 1805 2286 non

73 2305 175 2333 antea
185 2295 310 2337 arsisse,
329 2296 384 2332 sed
393 2309 512 2334 recens
523 2298 868 2345 afflanteauraprimo
885 2298 1042 2333 accensas
1056 2297 1168 2337 iuisse,
1186 2297 1350 2345 liquidem
1365 2299 1410 2334 ita
1425 2297 1553 2334 confici
1570 2308 1750 2347 poterant,
1768 2308 1807 2334 ut

71 2345 195 2381 tellure
210 2344 309 2381 tectae
320 2346 435 2394 ignem
452 2357 526 2382 non
535 2347 780 2394 conciperent,
801 2347 991 2382 accedente
1008 2357 1093 2383 vero
1102 2345 1496 2385 aereinfiammarentur.
1547 2346 1660 2382 Praxis
1678 2357 1807 2395 praepa-

70 2394 168 2429 randi
187 2394 253 2428 hos
263 2394 360 2443 ignes
371 2395 513 2442 sequens
523 2394 586 2430 est:
609 2395 873 2442 Lithargyrum,
897 2394 1080 2430 Tartarum
1095 2417 1105 2435 ,
1124 2394 1255 2431 calcem
1271 2418 1282 2436 ,
1299 2407 1338 2431 ac
1353 2395 1562 2432 cinnabarim
1578 2395 1613 2431 in
1628 2406 1728 2432 aceto
1748 2408 1807 2431 co-

70 2454 157 2489 que,
175 2443 292 2478 donec
301 2453 439 2478 acetum
453 2443 591 2490 penitus
602 2443 766 2478 exhalarit
779 2456 790 2487 3
806 2453 880 2478 tum
891 2442 1003 2478 clauso
1020 2442 1095 2479 vase
1105 2444 1185 2491 igne
1199 2443 1400 2480 vehementi
1417 2444 1594 2478 materiam
1613 2446 1804 2488 combure3

70 2502 203 2538 repone
216 2513 227 2531 ,
243 2501 282 2526 ut
295 2491 450 2539 frigescat
467 2505 475 2527 :
490 2491 566 2539 post
585 2492 697 2540 plures
714 2491 866 2531 menses,
885 2491 906 2526 fi
922 2493 1106 2540 aperueris,
1117 2492 1174 2527 ubi
1189 2491 1333 2527 materia
1348 2493 1421 2527 haec
1436 2497 1550 2528 a'erem
1565 2493 1754 2539 acceperit,
1770 2493 1806 2529 in

75 2538 253 2573 flammam
270 2540 486 2578 animabitur.
536 2541 722 2580 Secundo,
740 2540 824 2588 saepe
837 2541 872 2576 in
888 2540 1112 2576 subterraneis
1127 2541 1253 2588 cryptis
1270 2552 1344 2575 non
1368 2541 1524 2588 perpetui
1540 2563 1550 2580 ,
1567 2541 1622 2575 sed
1637 2542 1720 2576 latui
1732 2551 1806 2577 tan·

72 2597 146 2621 rum
166 2588 263 2636 ignes
277 2587 370 2627 sunt,
385 2589 688 2635 quiecadaverum
704 2588 977 2624 exhalationibus
990 2599 1207 2636 generantur.
1259 2590 1354 2637 Saepe
1369 2589 1470 2624 etiam
1484 2589 1597 2641 liquor
1613 2588 1732 2637 aliquis
1749 2589 1805 2625 lal-

70 2647 219 2671 monum
229 2636 430 2690 pinguedini
439 2659 448 2677 ,
465 2636 574 2672 ιιοξὶιι
584 2637 713 2673 lucenti
723 2660 733 2678 ,
743 2646 801 2673 aut
811 2636 1059 2676 cicindelarum
1071 2638 1229 2673 tenebras
1240 2637 1505 2673 illuminantium
1518 2638 1618 2673 luceo
1633 2637 1744 2674 similis
1755 2639 1806 2674 lu·

71 2695 154 2719 men
173 2694 351 2723 mentitur,

170 2733 314 2780 Qaeres
333 2743 456 2779 quarto
472 2747 481 2769 z
496 2733 621 2780 Qalia
638 2745 717 2769 nam
736 2732 797 2770 lint
810 2733 889 2770 loca
904 2733 1127 2769 subterraneis
1145 2734 1281 2783 ignibus
1296 2731 1470 2781 flagrantia
1484 2732 1497 2772 ἕ
1512 2733 1738 2783 Respondco,
1757 2733 1807 2768 in-

75 2789 128 2815 ter
145 2791 267 2816 caetera
282 2783 356 2816 haec
373 2785 557 2816 numerari.
625 2782 664 2818 ln
677 2782 869 2830 Campania
886 2793 990 2818 mons
1008 2782 1195 2822 Veiuviu3,
1213 2782 1270 2829 qui
1292 2783 1481 2818 horrendas
1499 2783 1683 2829 aliquando
1702 2781 1808 2818 efficit

74 2828 210 2876 strages,
262 2826 377 2874 Hujus
389 2829 408 2864 e
423 2830 753 2879 propinquioriloco
763 2830 910 2866 visendae
928 2830 969 2875 ὃς,
984 2831 1263 2878 contemplanda:
1283 2829 1394 2865 studio
1406 2830 1534 2865 Plinius
1543 2832 1662 2866 auctor
1672 2840 1805 2865 natura-

75 2877 115 2911 lis
125 2877 282 2916 historice,
292 2877 414 2912 Miseni
423 2888 507 2913 tunc
523 2890 628 2932 agens
645 2880 709 2924 (ut
719 2889 830 2915 narrat
843 2878 925 2914 alter
934 2878 1063 2914 Plinius
1081 2890 1191 2927 nepos
1206 2890 1247 2912 ex
1255 2879 1384 2914 Sorore
1398 2878 1454 2914 lib.
1466 2881 1497 2914 6.
1516 2878 1631 2927 epist.)
1645 2880 1726 2916 cuin
1743 2878 1805 2911 doa

77 2937 138 2960 mo
156 2925 294 2972 iongius
310 2924 421 2961 ruisset
439 2926 587 2974 egressus
603 2950 613 2967 ,
635 2928 752 2963 cinere
774 2927 809 2963 ὅ(
829 2927 975 2963 fumanti
991 2938 1122 2975 vapore
1144 2927 1357 2961 exanimatus
1371 2927 1536 2964 concidit.
1591 2927 1629 2961 In
1645 2926 1807 2961 Hetruriar

74 2972 370 3021 proficiscentibus
380 2973 586 3010 Florentiola
597 2976 795 3011 Bononiam
807 2987 909 3011 mons
919 2975 1072 3025 ailurgit,
1083 2975 1140 3023 qui
1159 2974 1265 3010 no&u
1274 2997 1284 3014 ,
1293 2976 1422 3022 diuque
1439 2975 1573 3010 sumum
1584 2974 1617 3009 v&
1630 2973 1804 3009 flammam

74 3021 228 3060 exhalat,
247 3021 304 3057 ets1
323 3019 460 3057 flamma
475 3034 549 3059 non
561 3023 619 3060 nili
636 3023 760 3062 nocte,
777 3025 895 3059 sumus
910 3024 1012 3059 etiam
1031 3024 1087 3059 die
1104 3023 1199 3059 cerni
1214 3033 1328 3070 queat,
1379 3022 1491 3071 Prope
1507 3027 1685 3059 Avernum
1702 3034 1805 3059 mons

76 3071 268 3106 modernus
288 3069 459 3117 spiraculis
477 3080 596 3118 patens
613 3072 747 3112 fremit,
765 3071 800 3108 ὅ(
817 3072 1005 3155 lumidan}1
999 3083 1079 3155 crum
1100 3071 1236 3120 ignibus
1246 3070 1497 3127 exhalatiorwm
1510 3071 1635 3107 tundit.
1687 3071 1804 3155 lii-eras

1286 3152 1288 3154 .
1734 3130 1801 3166 lpaa
