<?xml version="1.0" encoding="UTF-8"?>
<!DOCTYPE html PUBLIC "-//W3C//DTD XHTML 1.0 Transitional//EN"
    "http://www.w3.org/TR/xhtml1/DTD/xhtml1-transitional.dtd">
<html xmlns="http://www.w3.org/1999/xhtml" xml:lang="en" lang="en">
 <head>
  <title>
</title>
<meta http-equiv="Content-Type" content="text/html;charset=utf-8" />
  <meta name='ocr-system' content='tesseract 3.04.00' />
  <meta name='ocr-capabilities' content='ocr_page ocr_carea ocr_par ocr_line ocrx_word'/>
</head>
<body>
  <div class='ocr_page' id='page_1' title='image "./meteorologiaphil00rein/meteorologiaphil00rein_0159.png"; bbox 0 0 2054 3496; ppageno 0'>
   <div class='ocr_carea' id='block_1_1' title="bbox 603 145 1772 217">
    <p class='ocr_par' dir='ltr' id='par_1_1' title="bbox 2 104 1772 217">
     <span class='ocr_line' id='line_1_1' title="bbox 603 145 1772 217; baseline 0.009 -21.567"><span class='ocrx_word' id='word_1_1' title='bbox 603 145 1184 217; x_wconf 53' lang='lat' dir='ltr'>PhilosophicossPolitica.</span> <span class='ocrx_word' id='word_1_2' title='bbox 1670 153 1772 210; x_wconf 89' lang='lat'>147</span> 
     </span>
    </p>
   </div>
   <div class='ocr_carea' id='block_1_2' title="bbox 19 221 1779 1101">
    <p class='ocr_par' dir='ltr' id='par_1_2' title="bbox 19 221 1779 1101">
     <span class='ocr_line' id='line_1_2' title="bbox 34 221 1773 278; baseline -0.004 -11"><span class='ocrx_word' id='word_1_3' title='bbox 34 231 156 271; x_wconf 80' lang='lat' dir='ltr'>tur,in</span> <span class='ocrx_word' id='word_1_4' title='bbox 171 230 287 266; x_wconf 89' lang='lat' dir='ltr'>nivem</span> <span class='ocrx_word' id='word_1_5' title='bbox 303 229 469 278; x_wconf 81' lang='lat' dir='ltr'>gelabunt</span> <span class='ocrx_word' id='word_1_6' title='bbox 482 250 495 268; x_wconf 76' lang='lat'>,</span> <span class='ocrx_word' id='word_1_7' title='bbox 508 227 561 264; x_wconf 73' lang='grc' dir='ltr'>’δε</span> <span class='ocrx_word' id='word_1_8' title='bbox 580 229 824 265; x_wconf 83' lang='lat' dir='ltr'>decidentibus</span> <span class='ocrx_word' id='word_1_9' title='bbox 840 227 960 264; x_wconf 83' lang='lat' dir='ltr'>floccis</span> <span class='ocrx_word' id='word_1_10' title='bbox 975 227 1097 262; x_wconf 84' lang='lat' dir='ltr'>omnia</span> <span class='ocrx_word' id='word_1_11' title='bbox 1111 234 1317 274; x_wconf 79' lang='lat' dir='ltr'>contegent.</span> <span class='ocrx_word' id='word_1_12' title='bbox 1380 224 1462 260; x_wconf 87' lang='lat' dir='ltr'>Alio</span> <span class='ocrx_word' id='word_1_13' title='bbox 1486 223 1599 258; x_wconf 89' lang='lat' dir='ltr'>modo</span> <span class='ocrx_word' id='word_1_14' title='bbox 1624 221 1667 258; x_wconf 82' lang='lat' dir='ltr'>[ic</span> <span class='ocrx_word' id='word_1_15' title='bbox 1695 223 1773 263; x_wconf 79' lang='lat' dir='ltr'>fieri</span> 
     </span>
     <span class='ocr_line' id='line_1_3' title="bbox 35 273 1779 329; baseline -0.003 -15"><span class='ocrx_word' id='word_1_16' title='bbox 35 279 149 329; x_wconf 86' lang='lat' dir='ltr'>potest</span> <span class='ocrx_word' id='word_1_17' title='bbox 163 292 174 324; x_wconf 81' lang='lat'><em>3</em></span> <span class='ocrx_word' id='word_1_18' title='bbox 188 278 388 313; x_wconf 75' lang='lat' dir='ltr'>includatur</span> <span class='ocrx_word' id='word_1_19' title='bbox 405 289 493 324; x_wconf 86' lang='lat' dir='ltr'>aqua</span> <span class='ocrx_word' id='word_1_20' title='bbox 505 280 592 312; x_wconf 87' lang='lat' dir='ltr'>tubo</span> <span class='ocrx_word' id='word_1_21' title='bbox 608 279 721 313; x_wconf 89' lang='lat' dir='ltr'>vitreo</span> <span class='ocrx_word' id='word_1_22' title='bbox 748 290 760 321; x_wconf 81' lang='lat'><em>3</em></span> <span class='ocrx_word' id='word_1_23' title='bbox 785 278 860 312; x_wconf 82' lang='lat' dir='ltr'>haec</span> <span class='ocrx_word' id='word_1_24' title='bbox 887 277 946 312; x_wconf 92' lang='lat' dir='ltr'>diu</span> <span class='ocrx_word' id='word_1_25' title='bbox 968 275 1121 310; x_wconf 91' lang='lat' dir='ltr'>multum</span> <span class='ocrx_word' id='word_1_26' title='bbox 1140 275 1288 324; x_wconf 79' lang='lat' dir='ltr'>agitetur</span> <span class='ocrx_word' id='word_1_27' title='bbox 1304 296 1316 312; x_wconf 77' lang='lat'>,</span> <span class='ocrx_word' id='word_1_28' title='bbox 1349 273 1540 308; x_wconf 82' lang='lat' dir='ltr'>innumerae</span> <span class='ocrx_word' id='word_1_29' title='bbox 1562 273 1646 307; x_wconf 83' lang='lat' dir='ltr'>hinc</span> <span class='ocrx_word' id='word_1_30' title='bbox 1666 284 1779 308; x_wconf 88' lang='lat' dir='ltr'>emer-</span> 
     </span>
     <span class='ocr_line' id='line_1_4' title="bbox 35 321 1779 376; baseline -0.006 -10"><span class='ocrx_word' id='word_1_31' title='bbox 35 337 121 376; x_wconf 87' lang='lat' dir='ltr'>gent</span> <span class='ocrx_word' id='word_1_32' title='bbox 136 327 235 362; x_wconf 78' lang='lat' dir='ltr'>bullae</span> <span class='ocrx_word' id='word_1_33' title='bbox 248 349 259 365; x_wconf 69' lang='lat'>,</span> <span class='ocrx_word' id='word_1_34' title='bbox 276 337 352 373; x_wconf 79' lang='lat' dir='ltr'>quae</span> <span class='ocrx_word' id='word_1_35' title='bbox 362 325 478 374; x_wconf 87' lang='lat' dir='ltr'>gelido</span> <span class='ocrx_word' id='word_1_36' title='bbox 487 326 556 359; x_wconf 82' lang='lat' dir='ltr'>ae&#39;ri</span> <span class='ocrx_word' id='word_1_37' title='bbox 571 326 731 374; x_wconf 75' lang='lat' dir='ltr'>expositae</span> <span class='ocrx_word' id='word_1_38' title='bbox 746 326 782 360; x_wconf 91' lang='lat' dir='ltr'>in</span> <span class='ocrx_word' id='word_1_39' title='bbox 791 337 907 360; x_wconf 91' lang='lat' dir='ltr'>veram</span> <span class='ocrx_word' id='word_1_40' title='bbox 916 325 1032 359; x_wconf 88' lang='lat' dir='ltr'>nivem</span> <span class='ocrx_word' id='word_1_41' title='bbox 1041 324 1197 360; x_wconf 76' lang='lat' dir='ltr'>abibunt.</span> <span class='ocrx_word' id='word_1_42' title='bbox 1247 322 1303 357; x_wconf 77' lang='lat' dir='ltr'>Sic</span> <span class='ocrx_word' id='word_1_43' title='bbox 1312 322 1416 356; x_wconf 86' lang='lat' dir='ltr'>etiam</span> <span class='ocrx_word' id='word_1_44' title='bbox 1426 321 1547 368; x_wconf 87' lang='lat' dir='ltr'>pruina</span> <span class='ocrx_word' id='word_1_45' title='bbox 1558 322 1707 374; x_wconf 81' lang='lat' dir='ltr'>produci</span> <span class='ocrx_word' id='word_1_46' title='bbox 1716 333 1779 369; x_wconf 83' lang='lat' dir='ltr'>po-</span> 
     </span>
     <span class='ocr_line' id='line_1_5' title="bbox 35 370 1778 422; baseline -0.003 -11"><span class='ocrx_word' id='word_1_47' title='bbox 35 376 119 415; x_wconf 86' lang='lat' dir='ltr'>test,</span> <span class='ocrx_word' id='word_1_48' title='bbox 134 375 154 410; x_wconf 76' lang='lat' dir='ltr'>si</span> <span class='ocrx_word' id='word_1_49' title='bbox 173 386 301 422; x_wconf 85' lang='lat' dir='ltr'>nempe</span> <span class='ocrx_word' id='word_1_50' title='bbox 318 375 477 421; x_wconf 86' lang='lat' dir='ltr'>hyberno</span> <span class='ocrx_word' id='word_1_51' title='bbox 492 383 653 421; x_wconf 86' lang='lat' dir='ltr'>tempore</span> <span class='ocrx_word' id='word_1_52' title='bbox 670 375 757 409; x_wconf 84' lang='lat' dir='ltr'>intra</span> <span class='ocrx_word' id='word_1_53' title='bbox 770 384 828 409; x_wconf 90' lang='lat' dir='ltr'>vas</span> <span class='ocrx_word' id='word_1_54' title='bbox 843 373 1008 408; x_wconf 75' lang='lat' dir='ltr'>ferventis</span> <span class='ocrx_word' id='word_1_55' title='bbox 1023 383 1119 419; x_wconf 82' lang='lat' dir='ltr'>aquae</span> <span class='ocrx_word' id='word_1_56' title='bbox 1129 371 1272 418; x_wconf 87' lang='lat' dir='ltr'>plenum</span> <span class='ocrx_word' id='word_1_57' title='bbox 1290 370 1417 418; x_wconf 77' lang='lat' dir='ltr'>frigido</span> <span class='ocrx_word' id='word_1_58' title='bbox 1433 370 1503 404; x_wconf 73' lang='lat' dir='ltr'>a&#39;e&#39;ri</span> <span class='ocrx_word' id='word_1_59' title='bbox 1518 374 1710 416; x_wconf 78' lang='lat' dir='ltr'>expolitum</span> <span class='ocrx_word' id='word_1_60' title='bbox 1721 382 1778 405; x_wconf 86' lang='lat' dir='ltr'>ca-</span> 
     </span>
     <span class='ocr_line' id='line_1_6' title="bbox 61 418 1779 470; baseline -0.003 -11"><span class='ocrx_word' id='word_1_61' title='bbox 61 424 174 459; x_wconf 90' lang='lat' dir='ltr'>illiaut</span> <span class='ocrx_word' id='word_1_62' title='bbox 190 423 273 458; x_wconf 81' lang='lat' dir='ltr'>folia</span> <span class='ocrx_word' id='word_1_63' title='bbox 290 423 377 457; x_wconf 89' lang='lat' dir='ltr'>roris</span> <span class='ocrx_word' id='word_1_64' title='bbox 394 422 515 457; x_wconf 83' lang='lat' dir='ltr'>marini</span> <span class='ocrx_word' id='word_1_65' title='bbox 534 421 798 470; x_wconf 80' lang='lat' dir='ltr'>suspendantur,</span> <span class='ocrx_word' id='word_1_66' title='bbox 814 433 960 469; x_wconf 77' lang='lat' dir='ltr'>vapores</span> <span class='ocrx_word' id='word_1_67' title='bbox 976 420 1151 469; x_wconf 85' lang='lat' dir='ltr'>congelati</span> <span class='ocrx_word' id='word_1_68' title='bbox 1168 418 1400 455; x_wconf 87' lang='lat' dir='ltr'>concrescunt</span> <span class='ocrx_word' id='word_1_69' title='bbox 1415 419 1450 453; x_wconf 92' lang='lat' dir='ltr'>in</span> <span class='ocrx_word' id='word_1_70' title='bbox 1467 418 1626 465; x_wconf 89' lang='lat' dir='ltr'>pruinam</span> <span class='ocrx_word' id='word_1_71' title='bbox 1644 420 1675 453; x_wconf 88' lang='lat' dir='ltr'>ei</span> <span class='ocrx_word' id='word_1_72' title='bbox 1691 419 1779 454; x_wconf 80' lang='lat' dir='ltr'>fimi-</span> 
     </span>
     <span class='ocr_line' id='line_1_7' title="bbox 47 466 1777 519; baseline -0.003 -11"><span class='ocrx_word' id='word_1_73' title='bbox 47 483 209 519; x_wconf 81' lang='lat' dir='ltr'>em‚quae</span> <span class='ocrx_word' id='word_1_74' title='bbox 225 471 362 518; x_wconf 85' lang='lat' dir='ltr'>hyemis</span> <span class='ocrx_word' id='word_1_75' title='bbox 380 481 542 518; x_wconf 88' lang='lat' dir='ltr'>tempore</span> <span class='ocrx_word' id='word_1_76' title='bbox 557 471 709 506; x_wconf 88' lang='lat' dir='ltr'>crinibus</span> <span class='ocrx_word' id='word_1_77' title='bbox 722 470 936 509; x_wconf 66' lang='lat' dir='ltr'>adhaerescit,</span> <span class='ocrx_word' id='word_1_78' title='bbox 955 469 1021 505; x_wconf 78' lang='lat' dir='ltr'>{ive</span> <span class='ocrx_word' id='word_1_79' title='bbox 1029 480 1105 517; x_wconf 85' lang='lat' dir='ltr'>quae</span> <span class='ocrx_word' id='word_1_80' title='bbox 1113 480 1156 504; x_wconf 87' lang='lat' dir='ltr'>ex</span> <span class='ocrx_word' id='word_1_81' title='bbox 1164 466 1415 503; x_wconf 85' lang='lat' dir='ltr'>hominumvel</span> <span class='ocrx_word' id='word_1_82' title='bbox 1425 478 1598 514; x_wconf 86' lang='lat' dir='ltr'>equorum</span> <span class='ocrx_word' id='word_1_83' title='bbox 1614 467 1777 503; x_wconf 84' lang='lat' dir='ltr'>haiitibus</span> 
     </span>
     <span class='ocr_line' id='line_1_8' title="bbox 60 521 165 556; baseline -0.01 0"><span class='ocrx_word' id='word_1_84' title='bbox 60 521 165 556; x_wconf 80' lang='lat' dir='ltr'>rodit.</span> 
     </span>
     <span class='ocr_line' id='line_1_9' title="bbox 33 533 1777 616; baseline -0.002 -13"><span class='ocrx_word' id='word_1_85' title='bbox 33 533 57 570; x_wconf 73' lang='lat' dir='ltr'>p</span> <span class='ocrx_word' id='word_1_86' title='bbox 131 567 311 603; x_wconf 79' lang='lat' dir='ltr'>Secundo.</span> <span class='ocrx_word' id='word_1_87' title='bbox 337 570 444 604; x_wconf 83' lang='lat' dir='ltr'>Anno</span> <span class='ocrx_word' id='word_1_88' title='bbox 460 578 539 610; x_wconf 82' lang='lat'>¹510·</span> <span class='ocrx_word' id='word_1_89' title='bbox 555 568 689 616; x_wconf 82' lang='lat' dir='ltr'>Regina</span> <span class='ocrx_word' id='word_1_90' title='bbox 699 567 814 601; x_wconf 70' lang='lat' dir='ltr'>stlaria</span> <span class='ocrx_word' id='word_1_91' title='bbox 832 564 940 601; x_wconf 84' lang='lat' dir='ltr'>filium</span> <span class='ocrx_word' id='word_1_92' title='bbox 957 566 1067 602; x_wconf 85' lang='lat' dir='ltr'>edidit</span> <span class='ocrx_word' id='word_1_93' title='bbox 1080 565 1238 599; x_wconf 68' lang='lat' dir='ltr'>Emanueli</span> <span class='ocrx_word' id='word_1_94' title='bbox 1254 564 1342 610; x_wconf 75' lang='lat' dir='ltr'>Regi</span> <span class='ocrx_word' id='word_1_95' title='bbox 1354 563 1535 598; x_wconf 79' lang='lat' dir='ltr'>Lufitaniae</span> <span class='ocrx_word' id='word_1_96' title='bbox 1551 561 1642 597; x_wconf 87' lang='lat' dir='ltr'>Patri</span> <span class='ocrx_word' id='word_1_97' title='bbox 1664 562 1777 610; x_wconf 74' lang='lat' dir='ltr'>specIe</span> 
     </span>
     <span class='ocr_line' id='line_1_10' title="bbox 35 602 1774 663; baseline -0.003 -10"><span class='ocrx_word' id='word_1_98' title='bbox 35 617 75 653; x_wconf 84' lang='lat'>&amp;</span> <span class='ocrx_word' id='word_1_99' title='bbox 86 617 200 652; x_wconf 88' lang='lat' dir='ltr'>forma</span> <span class='ocrx_word' id='word_1_100' title='bbox 210 615 437 654; x_wconf 72' lang='lat' dir='ltr'>simillimum,</span> <span class='ocrx_word' id='word_1_101' title='bbox 453 616 511 663; x_wconf 87' lang='lat' dir='ltr'>qui</span> <span class='ocrx_word' id='word_1_102' title='bbox 524 619 675 650; x_wconf 63' lang='lat' dir='ltr'>Henrzrm</span> <span class='ocrx_word' id='word_1_103' title='bbox 687 615 875 662; x_wconf 86' lang='lat' dir='ltr'>appellatus</span> <span class='ocrx_word' id='word_1_104' title='bbox 891 615 937 650; x_wconf 89' lang='lat' dir='ltr'>est</span> <span class='ocrx_word' id='word_1_105' title='bbox 952 628 964 659; x_wconf 80' lang='lat'>3</span> <span class='ocrx_word' id='word_1_106' title='bbox 979 616 1108 649; x_wconf 84' lang='lat' dir='ltr'>eodem</span> <span class='ocrx_word' id='word_1_107' title='bbox 1125 614 1182 648; x_wconf 87' lang='lat' dir='ltr'>die</span> <span class='ocrx_word' id='word_1_108' title='bbox 1195 636 1205 652; x_wconf 79' lang='lat'>,</span> <span class='ocrx_word' id='word_1_109' title='bbox 1220 613 1292 659; x_wconf 74' lang='lat' dir='ltr'>quo</span> <span class='ocrx_word' id='word_1_110' title='bbox 1302 602 1467 658; x_wconf 70' lang='lat' dir='ltr'>Princeps</span> <span class='ocrx_word' id='word_1_111' title='bbox 1483 612 1541 646; x_wconf 89' lang='lat' dir='ltr'>hic</span> <span class='ocrx_word' id='word_1_112' title='bbox 1555 611 1590 645; x_wconf 90' lang='lat' dir='ltr'>in</span> <span class='ocrx_word' id='word_1_113' title='bbox 1606 611 1720 646; x_wconf 88' lang='lat' dir='ltr'>lucem</span> <span class='ocrx_word' id='word_1_114' title='bbox 1738 624 1774 647; x_wconf 91' lang='lat' dir='ltr'>e-</span> 
     </span>
     <span class='ocr_line' id='line_1_11' title="bbox 32 659 1776 712; baseline -0.003 -10"><span class='ocrx_word' id='word_1_115' title='bbox 32 665 126 702; x_wconf 87' lang='lat' dir='ltr'>ditus</span> <span class='ocrx_word' id='word_1_116' title='bbox 140 665 208 700; x_wconf 88' lang='lat' dir='ltr'>fuit</span> <span class='ocrx_word' id='word_1_117' title='bbox 223 688 234 704; x_wconf 83' lang='lat'>,</span> <span class='ocrx_word' id='word_1_118' title='bbox 257 663 414 712; x_wconf 55' lang='lat' dir='ltr'>OffirfippeJ(</span> <span class='ocrx_word' id='word_1_119' title='bbox 432 664 465 697; x_wconf 89' lang='lat' dir='ltr'>in</span> <span class='ocrx_word' id='word_1_120' title='bbox 483 676 550 711; x_wconf 87' lang='lat' dir='ltr'>qua</span> <span class='ocrx_word' id='word_1_121' title='bbox 571 666 713 712; x_wconf 89' lang='lat' dir='ltr'>quidem</span> <span class='ocrx_word' id='word_1_122' title='bbox 732 664 818 699; x_wconf 91' lang='lat' dir='ltr'>urbe</span> <span class='ocrx_word' id='word_1_123' title='bbox 833 673 977 711; x_wconf 87' lang='lat' dir='ltr'>propter</span> <span class='ocrx_word' id='word_1_124' title='bbox 993 663 1161 697; x_wconf 84' lang='lat' dir='ltr'>summam</span> <span class='ocrx_word' id='word_1_125' title='bbox 1176 662 1259 696; x_wconf 85' lang='lat' dir='ltr'>coeli</span> <span class='ocrx_word' id='word_1_126' title='bbox 1274 661 1480 709; x_wconf 84' lang='lat' dir='ltr'>temperiem</span> <span class='ocrx_word' id='word_1_127' title='bbox 1497 659 1654 701; x_wconf 71' lang='lat' dir='ltr'>monstro</span> <span class='ocrx_word' id='word_1_128' title='bbox 1671 660 1776 696; x_wconf 77' lang='lat' dir='ltr'>[imile</span> 
     </span>
     <span class='ocr_line' id='line_1_12' title="bbox 35 708 1776 762; baseline -0.005 -12"><span class='ocrx_word' id='word_1_129' title='bbox 35 713 85 750; x_wconf 88' lang='lat' dir='ltr'>est</span> <span class='ocrx_word' id='word_1_130' title='bbox 99 736 111 754; x_wconf 61' lang='lat' dir='ltr'>a</span> <span class='ocrx_word' id='word_1_131' title='bbox 125 723 259 762; x_wconf 86' lang='lat' dir='ltr'>partem</span> <span class='ocrx_word' id='word_1_132' title='bbox 275 713 425 760; x_wconf 77' lang='lat' dir='ltr'>aliquam</span> <span class='ocrx_word' id='word_1_133' title='bbox 442 713 528 747; x_wconf 85' lang='lat' dir='ltr'>nivis</span> <span class='ocrx_word' id='word_1_134' title='bbox 545 714 696 759; x_wconf 83' lang='lat' dir='ltr'>intueri)</span> <span class='ocrx_word' id='word_1_135' title='bbox 711 712 857 760; x_wconf 86' lang='lat' dir='ltr'>plurima</span> <span class='ocrx_word' id='word_1_136' title='bbox 880 713 961 747; x_wconf 87' lang='lat' dir='ltr'>nive</span> <span class='ocrx_word' id='word_1_137' title='bbox 977 710 1156 759; x_wconf 83' lang='lat' dir='ltr'>conspersa</span> <span class='ocrx_word' id='word_1_138' title='bbox 1172 711 1235 745; x_wconf 79' lang='lat' dir='ltr'>fuit</span> <span class='ocrx_word' id='word_1_139' title='bbox 1248 732 1259 748; x_wconf 59' lang='lat'>2</span> <span class='ocrx_word' id='word_1_140' title='bbox 1273 711 1371 756; x_wconf 87' lang='lat' dir='ltr'>quod</span> <span class='ocrx_word' id='word_1_141' title='bbox 1387 708 1486 743; x_wconf 89' lang='lat' dir='ltr'>multi</span> <span class='ocrx_word' id='word_1_142' title='bbox 1510 708 1552 743; x_wconf 76' lang='lat' dir='ltr'>[ic</span> <span class='ocrx_word' id='word_1_143' title='bbox 1573 709 1776 762; x_wconf 79' lang='lat' dir='ltr'>interpreta-</span> 
     </span>
     <span class='ocr_line' id='line_1_13' title="bbox 32 757 1775 809; baseline -0.003 -11"><span class='ocrx_word' id='word_1_144' title='bbox 32 763 59 798; x_wconf 85' lang='lat' dir='ltr'>ti</span> <span class='ocrx_word' id='word_1_145' title='bbox 76 762 169 802; x_wconf 76' lang='lat' dir='ltr'>sunt,</span> <span class='ocrx_word' id='word_1_146' title='bbox 188 771 227 797; x_wconf 92' lang='lat' dir='ltr'>ut</span> <span class='ocrx_word' id='word_1_147' title='bbox 243 773 282 796; x_wconf 85' lang='lat' dir='ltr'>ea</span> <span class='ocrx_word' id='word_1_148' title='bbox 300 762 380 797; x_wconf 83' lang='lat' dir='ltr'>nive</span> <span class='ocrx_word' id='word_1_149' title='bbox 400 761 526 795; x_wconf 87' lang='lat' dir='ltr'>mentis</span> <span class='ocrx_word' id='word_1_150' title='bbox 542 763 750 800; x_wconf 73' lang='lat' dir='ltr'>candorem,</span> <span class='ocrx_word' id='word_1_151' title='bbox 765 761 843 796; x_wconf 86' lang='lat' dir='ltr'>vitae</span> <span class='ocrx_word' id='word_1_152' title='bbox 856 760 1060 808; x_wconf 79' lang='lat' dir='ltr'>puritatem,</span> <span class='ocrx_word' id='word_1_153' title='bbox 1077 759 1113 795; x_wconf 73' lang='grc' dir='ltr'>ὅ(</span> <span class='ocrx_word' id='word_1_154' title='bbox 1129 758 1403 797; x_wconf 76' lang='lat' dir='ltr'>continentiam,</span> <span class='ocrx_word' id='word_1_155' title='bbox 1419 757 1554 809; x_wconf 82' lang='lat' dir='ltr'>virtutis</span> <span class='ocrx_word' id='word_1_156' title='bbox 1570 758 1703 791; x_wconf 70' lang='lat' dir='ltr'>eximiae</span> <span class='ocrx_word' id='word_1_157' title='bbox 1718 758 1775 792; x_wconf 71' lang='lat' dir='ltr'>fie-</span> 
     </span>
     <span class='ocr_line' id='line_1_14' title="bbox 34 805 1777 858; baseline -0.003 -11"><span class='ocrx_word' id='word_1_158' title='bbox 34 811 275 849; x_wconf 81' lang='lat' dir='ltr'>cunditatem‚</span> <span class='ocrx_word' id='word_1_159' title='bbox 300 821 377 857; x_wconf 86' lang='lat' dir='ltr'>quae</span> <span class='ocrx_word' id='word_1_160' title='bbox 397 810 432 844; x_wconf 90' lang='lat' dir='ltr'>in</span> <span class='ocrx_word' id='word_1_161' title='bbox 459 810 530 845; x_wconf 87' lang='lat' dir='ltr'>hoc</span> <span class='ocrx_word' id='word_1_162' title='bbox 546 809 708 858; x_wconf 85' lang='lat' dir='ltr'>Principe</span> <span class='ocrx_word' id='word_1_163' title='bbox 728 809 928 845; x_wconf 83' lang='lat' dir='ltr'>mirabiliter</span> <span class='ocrx_word' id='word_1_164' title='bbox 950 808 1082 849; x_wconf 73' lang='lat' dir='ltr'>eluxit,</span> <span class='ocrx_word' id='word_1_165' title='bbox 1101 806 1396 856; x_wconf 68' lang='lat' dir='ltr'>praemonstratam</span> <span class='ocrx_word' id='word_1_166' title='bbox 1418 805 1516 841; x_wconf 70' lang='lat' dir='ltr'>fuisse</span> <span class='ocrx_word' id='word_1_167' title='bbox 1536 805 1704 843; x_wconf 85' lang='lat' dir='ltr'>dicerent.</span> <span class='ocrx_word' id='word_1_168' title='bbox 1730 807 1777 841; x_wconf 88' lang='lat' dir='ltr'>ita</span> 
     </span>
     <span class='ocr_line' id='line_1_15' title="bbox 32 858 612 899; baseline -0.005 -3"><span class='ocrx_word' id='word_1_169' title='bbox 32 859 179 895; x_wconf 80' lang='lat' dir='ltr'>OroIius</span> <span class='ocrx_word' id='word_1_170' title='bbox 196 859 253 896; x_wconf 80' lang='lat' dir='ltr'>lib.</span> <span class='ocrx_word' id='word_1_171' title='bbox 262 864 292 899; x_wconf 84' lang='lat'>8.</span> <span class='ocrx_word' id='word_1_172' title='bbox 307 870 424 893; x_wconf 86' lang='lat' dir='ltr'>rerum</span> <span class='ocrx_word' id='word_1_173' title='bbox 433 858 612 896; x_wconf 79' lang='lat' dir='ltr'>Emanuel.</span> 
     </span>
     <span class='ocr_line' id='line_1_16' title="bbox 132 902 1776 953; baseline -0.002 -11"><span class='ocrx_word' id='word_1_174' title='bbox 132 907 268 943; x_wconf 82' lang='lat' dir='ltr'>Tertio.</span> <span class='ocrx_word' id='word_1_175' title='bbox 283 907 411 942; x_wconf 80' lang='lat' dir='ltr'>Narrat</span> <span class='ocrx_word' id='word_1_176' title='bbox 429 906 540 941; x_wconf 89' lang='lat' dir='ltr'>Olaus</span> <span class='ocrx_word' id='word_1_177' title='bbox 556 907 606 942; x_wconf 83' lang='lat' dir='ltr'>M.</span> <span class='ocrx_word' id='word_1_178' title='bbox 616 907 673 943; x_wconf 88' lang='lat' dir='ltr'>lib.</span> <span class='ocrx_word' id='word_1_179' title='bbox 688 918 736 951; x_wconf 81' lang='lat'>19.</span> <span class='ocrx_word' id='word_1_180' title='bbox 753 917 784 942; x_wconf 80' lang='lat' dir='ltr'>c.</span> <span class='ocrx_word' id='word_1_181' title='bbox 798 916 839 950; x_wconf 84' lang='lat'>15.</span> <span class='ocrx_word' id='word_1_182' title='bbox 851 905 886 940; x_wconf 91' lang='lat' dir='ltr'>in</span> <span class='ocrx_word' id='word_1_183' title='bbox 898 905 1050 953; x_wconf 89' lang='lat' dir='ltr'>partibus</span> <span class='ocrx_word' id='word_1_184' title='bbox 1067 902 1391 952; x_wconf 74' lang='lat' dir='ltr'>septentrionalibus</span> <span class='ocrx_word' id='word_1_185' title='bbox 1404 924 1415 942; x_wconf 78' lang='lat'>,</span> <span class='ocrx_word' id='word_1_186' title='bbox 1431 902 1546 936; x_wconf 87' lang='lat' dir='ltr'>nivem</span> <span class='ocrx_word' id='word_1_187' title='bbox 1562 902 1658 937; x_wconf 60' lang='lat' dir='ltr'>tanta</span> <span class='ocrx_word' id='word_1_188' title='bbox 1673 903 1776 950; x_wconf 71' lang='lat' dir='ltr'>copia</span> 
     </span>
     <span class='ocr_line' id='line_1_17' title="bbox 19 949 1777 1003; baseline -0.003 -11"><span class='ocrx_word' id='word_1_189' title='bbox 19 954 157 1003; x_wconf 78' lang='lat' dir='ltr'>-dejici,</span> <span class='ocrx_word' id='word_1_190' title='bbox 175 965 213 990; x_wconf 93' lang='lat' dir='ltr'>ut</span> <span class='ocrx_word' id='word_1_191' title='bbox 227 956 392 991; x_wconf 85' lang='lat' dir='ltr'>arborum</span> <span class='ocrx_word' id='word_1_192' title='bbox 406 956 509 994; x_wconf 75' lang='lat' dir='ltr'>rami,</span> <span class='ocrx_word' id='word_1_193' title='bbox 522 955 670 1003; x_wconf 71' lang='lat' dir='ltr'>ipsaeque</span> <span class='ocrx_word' id='word_1_194' title='bbox 689 956 827 990; x_wconf 87' lang='lat' dir='ltr'>arbores</span> <span class='ocrx_word' id='word_1_195' title='bbox 846 954 892 989; x_wconf 89' lang='lat' dir='ltr'>ita</span> <span class='ocrx_word' id='word_1_196' title='bbox 908 955 1009 989; x_wconf 85' lang='lat' dir='ltr'>ramis</span> <span class='ocrx_word' id='word_1_197' title='bbox 1023 976 1034 994; x_wconf 79' lang='lat'>,</span> <span class='ocrx_word' id='word_1_198' title='bbox 1052 953 1089 989; x_wconf 74' lang='grc' dir='ltr'>ὅ(</span> <span class='ocrx_word' id='word_1_199' title='bbox 1102 954 1282 988; x_wconf 84' lang='lat' dir='ltr'>arboribus</span> <span class='ocrx_word' id='word_1_200' title='bbox 1298 949 1538 990; x_wconf 47' lang='lat' dir='ltr'>innectantur,</span> <span class='ocrx_word' id='word_1_201' title='bbox 1554 951 1777 998; x_wconf 81' lang='lat' dir='ltr'>invicemque</span> 
     </span>
     <span class='ocr_line' id='line_1_18' title="bbox 32 999 1774 1052; baseline -0.003 -12"><span class='ocrx_word' id='word_1_202' title='bbox 32 1005 225 1041; x_wconf 82' lang='lat' dir='ltr'>fornicario</span> <span class='ocrx_word' id='word_1_203' title='bbox 239 1004 330 1051; x_wconf 74' lang='lat' dir='ltr'>quali</span> <span class='ocrx_word' id='word_1_204' title='bbox 346 1015 455 1051; x_wconf 88' lang='lat' dir='ltr'>opere</span> <span class='ocrx_word' id='word_1_205' title='bbox 474 1005 689 1043; x_wconf 70' lang='lat' dir='ltr'>cohaereant,</span> <span class='ocrx_word' id='word_1_206' title='bbox 703 1003 821 1051; x_wconf 71' lang='lat' dir='ltr'>ficque</span> <span class='ocrx_word' id='word_1_207' title='bbox 836 1003 872 1037; x_wconf 88' lang='lat' dir='ltr'>in</span> <span class='ocrx_word' id='word_1_208' title='bbox 882 1000 1077 1052; x_wconf 82' lang='lat' dir='ltr'>longissima</span> <span class='ocrx_word' id='word_1_209' title='bbox 1090 1001 1290 1038; x_wconf 85' lang='lat' dir='ltr'>ambulacra</span> <span class='ocrx_word' id='word_1_210' title='bbox 1301 1023 1313 1042; x_wconf 83' lang='lat'>‚</span> <span class='ocrx_word' id='word_1_211' title='bbox 1326 999 1431 1035; x_wconf 77' lang='lat' dir='ltr'>etiam</span> <span class='ocrx_word' id='word_1_212' title='bbox 1445 999 1640 1035; x_wconf 87' lang='lat' dir='ltr'>multorum</span> <span class='ocrx_word' id='word_1_213' title='bbox 1655 1000 1774 1036; x_wconf 85' lang='lat' dir='ltr'>millia-</span> 
     </span>
     <span class='ocr_line' id='line_1_19' title="bbox 31 1052 879 1101; baseline -0.005 -11"><span class='ocrx_word' id='word_1_214' title='bbox 31 1054 125 1090; x_wconf 78' lang='lat' dir='ltr'>rium</span> <span class='ocrx_word' id='word_1_215' title='bbox 141 1052 200 1088; x_wconf 89' lang='lat' dir='ltr'>sub</span> <span class='ocrx_word' id='word_1_216' title='bbox 219 1053 300 1089; x_wconf 90' lang='lat' dir='ltr'>nive</span> <span class='ocrx_word' id='word_1_217' title='bbox 318 1052 405 1088; x_wconf 88' lang='lat' dir='ltr'>mire</span> <span class='ocrx_word' id='word_1_218' title='bbox 414 1052 597 1101; x_wconf 84' lang='lat' dir='ltr'>congelata</span> <span class='ocrx_word' id='word_1_219' title='bbox 613 1053 879 1100; x_wconf 71' lang='lat' dir='ltr'>protendantur.</span> 
     </span>
    </p>
   </div>
   <div class='ocr_carea' id='block_1_3' title="bbox 515 1165 1242 1328">
    <p class='ocr_par' dir='ltr' id='par_1_3' title="bbox 515 1165 1242 1328">
     <span class='ocr_line' id='line_1_20' title="bbox 515 1165 1242 1253; baseline -0.003 -21"><span class='ocrx_word' id='word_1_220' title='bbox 515 1168 664 1253; x_wconf 73' lang='lat' dir='ltr'>Qu</span> <span class='ocrx_word' id='word_1_221' title='bbox 685 1169 770 1233; x_wconf 79' lang='lat' dir='ltr'>AE</span> <span class='ocrx_word' id='word_1_222' title='bbox 790 1168 830 1234; x_wconf 83' lang='lat' dir='ltr'>s</span> <span class='ocrx_word' id='word_1_223' title='bbox 851 1166 964 1232; x_wconf 85' lang='lat' dir='ltr'>TI</span> <span class='ocrx_word' id='word_1_224' title='bbox 989 1166 1057 1232; x_wconf 89' lang='lat' dir='ltr'>o</span> <span class='ocrx_word' id='word_1_225' title='bbox 1100 1165 1242 1233; x_wconf 82' lang='lat' dir='ltr'>vn.</span> 
     </span>
     <span class='ocr_line' id='line_1_21' title="bbox 710 1274 1094 1328; baseline -0.013 0"><span class='ocrx_word' id='word_1_226' title='bbox 710 1277 798 1328; x_wconf 76' lang='lat' dir='ltr'>‘De</span> <span class='ocrx_word' id='word_1_227' title='bbox 819 1274 1094 1328; x_wconf 74' lang='lat' dir='ltr'>Grandine.</span> 
     </span>
    </p>
   </div>
   <div class='ocr_carea' id='block_1_4' title="bbox 12 1456 1771 3192">
    <p class='ocr_par' dir='ltr' id='par_1_4' title="bbox 12 1456 1771 2041">
     <span class='ocr_line' id='line_1_22' title="bbox 170 1456 1771 1504; baseline 0.001 -12"><span class='ocrx_word' id='word_1_228' title='bbox 170 1467 282 1497; x_wconf 84' lang='lat' dir='ltr'>tatur,</span> <span class='ocrx_word' id='word_1_229' title='bbox 298 1456 545 1492; x_wconf 77' lang='lat' dir='ltr'>commiscetur</span> <span class='ocrx_word' id='word_1_230' title='bbox 557 1456 675 1491; x_wconf 89' lang='lat' dir='ltr'>multis</span> <span class='ocrx_word' id='word_1_231' title='bbox 691 1456 966 1491; x_wconf 80' lang='lat' dir='ltr'>exhalationibus</span> <span class='ocrx_word' id='word_1_232' title='bbox 984 1457 1076 1492; x_wconf 83' lang='lat' dir='ltr'>liceis</span> <span class='ocrx_word' id='word_1_233' title='bbox 1090 1456 1125 1492; x_wconf 72' lang='grc' dir='ltr'>ὅ(</span> <span class='ocrx_word' id='word_1_234' title='bbox 1148 1456 1371 1492; x_wconf 77' lang='lat' dir='ltr'>salnitralibus</span> <span class='ocrx_word' id='word_1_235' title='bbox 1385 1479 1395 1496; x_wconf 66' lang='lat' dir='ltr'><strong>a</strong></span> <span class='ocrx_word' id='word_1_236' title='bbox 1417 1468 1564 1504; x_wconf 87' lang='lat' dir='ltr'>quarum</span> <span class='ocrx_word' id='word_1_237' title='bbox 1587 1458 1619 1492; x_wconf 89' lang='lat' dir='ltr'>vi</span> <span class='ocrx_word' id='word_1_238' title='bbox 1636 1481 1646 1497; x_wconf 74' lang='lat'>‚</span> <span class='ocrx_word' id='word_1_239' title='bbox 1669 1471 1771 1494; x_wconf 87' lang='lat' dir='ltr'>acce-</span> 
     </span>
     <span class='ocr_line' id='line_1_23' title="bbox 174 1504 1771 1554; baseline 0.001 -13"><span class='ocrx_word' id='word_1_240' title='bbox 174 1509 280 1541; x_wconf 88' lang='lat' dir='ltr'>dente</span> <span class='ocrx_word' id='word_1_241' title='bbox 289 1506 390 1540; x_wconf 80' lang='lat' dir='ltr'>etiam</span> <span class='ocrx_word' id='word_1_242' title='bbox 402 1505 548 1553; x_wconf 75' lang='lat' dir='ltr'>frigore,</span> <span class='ocrx_word' id='word_1_243' title='bbox 562 1504 782 1553; x_wconf 80' lang='lat' dir='ltr'>congelascit.</span> <span class='ocrx_word' id='word_1_244' title='bbox 837 1505 1094 1554; x_wconf 65' lang='lat' dir='ltr'>Distinguitura</span> <span class='ocrx_word' id='word_1_245' title='bbox 1106 1506 1203 1544; x_wconf 80' lang='lat' dir='ltr'>nive,</span> <span class='ocrx_word' id='word_1_246' title='bbox 1219 1507 1299 1553; x_wconf 87' lang='lat' dir='ltr'>quia</span> <span class='ocrx_word' id='word_1_247' title='bbox 1309 1505 1368 1540; x_wconf 80' lang='lat' dir='ltr'>nix</span> <span class='ocrx_word' id='word_1_248' title='bbox 1382 1504 1429 1540; x_wconf 88' lang='lat' dir='ltr'>est</span> <span class='ocrx_word' id='word_1_249' title='bbox 1446 1507 1545 1541; x_wconf 87' lang='lat' dir='ltr'>nubis</span> <span class='ocrx_word' id='word_1_250' title='bbox 1562 1505 1771 1542; x_wconf 86' lang='lat' dir='ltr'>stillicidium</span> 
     </span>
     <span class='ocr_line' id='line_1_24' title="bbox 38 1554 1771 1603; baseline 0 -13"><span class='ocrx_word' id='word_1_251' title='bbox 38 1555 75 1590; x_wconf 87' lang='lat' dir='ltr'>in</span> <span class='ocrx_word' id='word_1_252' title='bbox 88 1560 168 1589; x_wconf 78' lang='lat' dir='ltr'>aere</span> <span class='ocrx_word' id='word_1_253' title='bbox 182 1554 406 1603; x_wconf 84' lang='lat' dir='ltr'>congelatum</span> <span class='ocrx_word' id='word_1_254' title='bbox 422 1567 432 1597; x_wconf 79' lang='lat'>3</span> <span class='ocrx_word' id='word_1_255' title='bbox 448 1554 583 1602; x_wconf 84' lang='lat' dir='ltr'>grando</span> <span class='ocrx_word' id='word_1_256' title='bbox 600 1564 719 1588; x_wconf 83' lang='lat' dir='ltr'>autem</span> <span class='ocrx_word' id='word_1_257' title='bbox 734 1554 781 1588; x_wconf 81' lang='lat' dir='ltr'>cst</span> <span class='ocrx_word' id='word_1_258' title='bbox 797 1554 925 1593; x_wconf 72' lang='lat' dir='ltr'>imber,</span> <span class='ocrx_word' id='word_1_259' title='bbox 939 1554 997 1601; x_wconf 84' lang='lat' dir='ltr'>qui</span> <span class='ocrx_word' id='word_1_260' title='bbox 1013 1554 1272 1602; x_wconf 71' lang='lat' dir='ltr'>grandioribus,</span> <span class='ocrx_word' id='word_1_261' title='bbox 1287 1554 1341 1589; x_wconf 87' lang='lat' dir='ltr'>vel</span> <span class='ocrx_word' id='word_1_262' title='bbox 1359 1554 1518 1596; x_wconf 61' lang='lat' dir='ltr'>nimbus,</span> <span class='ocrx_word' id='word_1_263' title='bbox 1535 1555 1594 1601; x_wconf 86' lang='lat' dir='ltr'>qui</span> <span class='ocrx_word' id='word_1_264' title='bbox 1610 1557 1771 1590; x_wconf 87' lang='lat' dir='ltr'>maximis</span> 
     </span>
     <span class='ocr_line' id='line_1_25' title="bbox 12 1601 1771 1652; baseline 0.001 -15"><span class='ocrx_word' id='word_1_265' title='bbox 12 1642 13 1648; x_wconf 10' lang='grc' dir='ltr'>ἵ</span> <span class='ocrx_word' id='word_1_266' title='bbox 35 1604 143 1652; x_wconf 86' lang='lat' dir='ltr'>guttis</span> <span class='ocrx_word' id='word_1_267' title='bbox 161 1604 308 1641; x_wconf 73' lang='lat' dir='ltr'>decidit,</span> <span class='ocrx_word' id='word_1_268' title='bbox 319 1603 353 1637; x_wconf 85' lang='lat' dir='ltr'>in</span> <span class='ocrx_word' id='word_1_269' title='bbox 366 1607 447 1637; x_wconf 77' lang='lat' dir='ltr'>a&#39;e&#39;re</span> <span class='ocrx_word' id='word_1_270' title='bbox 459 1602 675 1651; x_wconf 82' lang='lat' dir='ltr'>congelatus,</span> <span class='ocrx_word' id='word_1_271' title='bbox 726 1603 760 1637; x_wconf 83' lang='lat' dir='ltr'>Si</span> <span class='ocrx_word' id='word_1_272' title='bbox 772 1603 900 1638; x_wconf 85' lang='lat' dir='ltr'>accidit</span> <span class='ocrx_word' id='word_1_273' title='bbox 913 1612 1074 1650; x_wconf 86' lang='lat' dir='ltr'>tempore</span> <span class='ocrx_word' id='word_1_274' title='bbox 1088 1602 1204 1638; x_wconf 80' lang='lat' dir='ltr'>aestivo</span> <span class='ocrx_word' id='word_1_275' title='bbox 1221 1616 1229 1637; x_wconf 91' lang='lat'><strong>:</strong></span> <span class='ocrx_word' id='word_1_276' title='bbox 1245 1601 1320 1649; x_wconf 85' lang='lat' dir='ltr'>ejus</span> <span class='ocrx_word' id='word_1_277' title='bbox 1334 1604 1478 1638; x_wconf 81' lang='lat' dir='ltr'>materia</span> <span class='ocrx_word' id='word_1_278' title='bbox 1493 1613 1630 1639; x_wconf 85' lang='lat' dir='ltr'>remota</span> <span class='ocrx_word' id='word_1_279' title='bbox 1643 1604 1692 1639; x_wconf 89' lang='lat' dir='ltr'>est</span> <span class='ocrx_word' id='word_1_280' title='bbox 1708 1604 1771 1652; x_wconf 85' lang='lat' dir='ltr'>spi-</span> 
     </span>
     <span class='ocr_line' id='line_1_26' title="bbox 34 1650 1770 1699; baseline 0.001 -12"><span class='ocrx_word' id='word_1_281' title='bbox 34 1652 144 1691; x_wconf 73' lang='lat' dir='ltr'>ratio,</span> <span class='ocrx_word' id='word_1_282' title='bbox 159 1651 277 1699; x_wconf 79' lang='lat' dir='ltr'>magni</span> <span class='ocrx_word' id='word_1_283' title='bbox 291 1651 414 1686; x_wconf 83' lang='lat' dir='ltr'>caloris</span> <span class='ocrx_word' id='word_1_284' title='bbox 422 1650 608 1686; x_wconf 72' lang='lat' dir='ltr'>efficientia</span> <span class='ocrx_word' id='word_1_285' title='bbox 622 1652 657 1685; x_wconf 81' lang='lat' dir='ltr'>in</span> <span class='ocrx_word' id='word_1_286' title='bbox 673 1650 817 1686; x_wconf 88' lang='lat' dir='ltr'>sublime</span> <span class='ocrx_word' id='word_1_287' title='bbox 834 1650 953 1687; x_wconf 65' lang='lat' dir='ltr'>eveffla</span> <span class='ocrx_word' id='word_1_288' title='bbox 967 1674 977 1690; x_wconf 66' lang='lat'><em>⁷</em></span> <span class='ocrx_word' id='word_1_289' title='bbox 991 1651 1028 1686; x_wconf 66' lang='grc' dir='ltr'>ὅ(</span> <span class='ocrx_word' id='word_1_290' title='bbox 1043 1652 1077 1685; x_wconf 91' lang='lat' dir='ltr'>in</span> <span class='ocrx_word' id='word_1_291' title='bbox 1094 1652 1225 1686; x_wconf 87' lang='lat' dir='ltr'>nubem</span> <span class='ocrx_word' id='word_1_292' title='bbox 1242 1651 1346 1698; x_wconf 82' lang='lat' dir='ltr'>paulo</span> <span class='ocrx_word' id='word_1_293' title='bbox 1360 1651 1555 1686; x_wconf 78' lang='lat' dir='ltr'>denfiorem</span> <span class='ocrx_word' id='word_1_294' title='bbox 1573 1652 1610 1687; x_wconf 69' lang='grc' dir='ltr'>ὅ(</span> <span class='ocrx_word' id='word_1_295' title='bbox 1625 1652 1770 1688; x_wconf 87' lang='lat' dir='ltr'>calidio-</span> 
     </span>
     <span class='ocr_line' id='line_1_27' title="bbox 33 1699 1769 1747; baseline 0.002 -13"><span class='ocrx_word' id='word_1_296' title='bbox 33 1712 109 1735; x_wconf 85' lang='lat' dir='ltr'>rem</span> <span class='ocrx_word' id='word_1_297' title='bbox 125 1709 302 1738; x_wconf 77' lang='lat' dir='ltr'>concreta,</span> <span class='ocrx_word' id='word_1_298' title='bbox 354 1699 498 1733; x_wconf 75' lang='lat' dir='ltr'>Materia</span> <span class='ocrx_word' id='word_1_299' title='bbox 507 1699 664 1746; x_wconf 84' lang='lat' dir='ltr'>proxima</span> <span class='ocrx_word' id='word_1_300' title='bbox 673 1699 850 1734; x_wconf 86' lang='lat' dir='ltr'>estimber.</span> <span class='ocrx_word' id='word_1_301' title='bbox 903 1700 941 1734; x_wconf 91' lang='lat' dir='ltr'>In</span> <span class='ocrx_word' id='word_1_302' title='bbox 959 1711 1063 1747; x_wconf 86' lang='lat' dir='ltr'>quem</span> <span class='ocrx_word' id='word_1_303' title='bbox 1074 1701 1184 1734; x_wconf 87' lang='lat' dir='ltr'>nubes</span> <span class='ocrx_word' id='word_1_304' title='bbox 1200 1699 1352 1736; x_wconf 81' lang='lat' dir='ltr'>solvitur.</span> <span class='ocrx_word' id='word_1_305' title='bbox 1405 1699 1568 1735; x_wconf 85' lang='lat' dir='ltr'>Proxima</span> <span class='ocrx_word' id='word_1_306' title='bbox 1583 1701 1681 1736; x_wconf 77' lang='lat' dir='ltr'>caula</span> <span class='ocrx_word' id='word_1_307' title='bbox 1694 1700 1769 1737; x_wconf 85' lang='lat' dir='ltr'>effi-</span> 
     </span>
     <span class='ocr_line' id='line_1_28' title="bbox 34 1747 1769 1797; baseline 0.002 -14"><span class='ocrx_word' id='word_1_308' title='bbox 34 1749 131 1784; x_wconf 88' lang='lat' dir='ltr'>ciens</span> <span class='ocrx_word' id='word_1_309' title='bbox 141 1748 188 1782; x_wconf 88' lang='lat' dir='ltr'>est</span> <span class='ocrx_word' id='word_1_310' title='bbox 204 1748 307 1783; x_wconf 85' lang='lat' dir='ltr'>etiam</span> <span class='ocrx_word' id='word_1_311' title='bbox 317 1747 411 1782; x_wconf 89' lang='lat' dir='ltr'>calor</span> <span class='ocrx_word' id='word_1_312' title='bbox 424 1747 620 1782; x_wconf 77' lang='lat' dir='ltr'>circumfusi</span> <span class='ocrx_word' id='word_1_313' title='bbox 637 1749 723 1783; x_wconf 76' lang='lat' dir='ltr'>aeris</span> <span class='ocrx_word' id='word_1_314' title='bbox 732 1761 744 1793; x_wconf 78' lang='lat'>3</span> <span class='ocrx_word' id='word_1_315' title='bbox 757 1760 882 1795; x_wconf 83' lang='lat' dir='ltr'>aquam</span> <span class='ocrx_word' id='word_1_316' title='bbox 897 1760 957 1796; x_wconf 89' lang='lat' dir='ltr'>per</span> <span class='ocrx_word' id='word_1_317' title='bbox 966 1748 1219 1796; x_wconf 82' lang='lat' dir='ltr'>antiperistasim</span> <span class='ocrx_word' id='word_1_318' title='bbox 1232 1748 1653 1797; x_wconf 78' lang='lat' dir='ltr'>refrigerans,totumque</span> <span class='ocrx_word' id='word_1_319' title='bbox 1667 1751 1709 1785; x_wconf 87' lang='lat' dir='ltr'>ab</span> <span class='ocrx_word' id='word_1_320' title='bbox 1727 1762 1769 1786; x_wconf 82' lang='lat' dir='ltr'>ea</span> 
     </span>
     <span class='ocr_line' id='line_1_29' title="bbox 32 1795 1766 1846; baseline 0.001 -14"><span class='ocrx_word' id='word_1_321' title='bbox 32 1797 188 1832; x_wconf 85' lang='lat' dir='ltr'>calorem</span> <span class='ocrx_word' id='word_1_322' title='bbox 198 1797 413 1844; x_wconf 70' lang='lat' dir='ltr'>exprimens,</span> <span class='ocrx_word' id='word_1_323' title='bbox 429 1796 466 1831; x_wconf 68' lang='grc' dir='ltr'>ὅ(</span> <span class='ocrx_word' id='word_1_324' title='bbox 477 1795 698 1844; x_wconf 82' lang='lat' dir='ltr'>extinguens.</span> <span class='ocrx_word' id='word_1_325' title='bbox 749 1799 834 1846; x_wconf 78' lang='lat' dir='ltr'>QO</span> <span class='ocrx_word' id='word_1_326' title='bbox 849 1796 903 1836; x_wconf 73' lang='lat' dir='ltr'>fit,</span> <span class='ocrx_word' id='word_1_327' title='bbox 919 1806 957 1831; x_wconf 87' lang='lat' dir='ltr'>ut</span> <span class='ocrx_word' id='word_1_328' title='bbox 965 1798 1098 1845; x_wconf 80' lang='lat' dir='ltr'>grando</span> <span class='ocrx_word' id='word_1_329' title='bbox 1113 1797 1289 1832; x_wconf 81' lang='lat' dir='ltr'>horridior</span> <span class='ocrx_word' id='word_1_330' title='bbox 1302 1809 1344 1832; x_wconf 87' lang='lat' dir='ltr'>ac</span> <span class='ocrx_word' id='word_1_331' title='bbox 1354 1798 1472 1832; x_wconf 87' lang='lat' dir='ltr'>durior</span> <span class='ocrx_word' id='word_1_332' title='bbox 1489 1798 1526 1833; x_wconf 74' lang='lat' dir='ltr'>Iit</span> <span class='ocrx_word' id='word_1_333' title='bbox 1543 1799 1684 1833; x_wconf 86' lang='lat' dir='ltr'>coetcris</span> <span class='ocrx_word' id='word_1_334' title='bbox 1700 1799 1766 1834; x_wconf 85' lang='lat' dir='ltr'>im-</span> 
     </span>
     <span class='ocr_line' id='line_1_30' title="bbox 33 1842 1768 1895; baseline 0.001 -15"><span class='ocrx_word' id='word_1_335' title='bbox 33 1842 265 1893; x_wconf 77' lang='lat' dir='ltr'>preffionibus</span> <span class='ocrx_word' id='word_1_336' title='bbox 280 1844 450 1882; x_wconf 81' lang='lat' dir='ltr'>humidis,</span> <span class='ocrx_word' id='word_1_337' title='bbox 467 1845 586 1891; x_wconf 79' lang='lat' dir='ltr'>quaein</span> <span class='ocrx_word' id='word_1_338' title='bbox 601 1850 681 1879; x_wconf 76' lang='lat' dir='ltr'>aere</span> <span class='ocrx_word' id='word_1_339' title='bbox 697 1844 795 1880; x_wconf 83' lang='lat' dir='ltr'>fiunt.</span> <span class='ocrx_word' id='word_1_340' title='bbox 848 1846 1007 1880; x_wconf 77' lang='lat' dir='ltr'>Siautem</span> <span class='ocrx_word' id='word_1_341' title='bbox 1025 1846 1159 1894; x_wconf 89' lang='lat' dir='ltr'>grando</span> <span class='ocrx_word' id='word_1_342' title='bbox 1171 1846 1304 1886; x_wconf 81' lang='lat' dir='ltr'>existat,</span> <span class='ocrx_word' id='word_1_343' title='bbox 1321 1846 1403 1880; x_wconf 82' lang='lat' dir='ltr'>cum</span> <span class='ocrx_word' id='word_1_344' title='bbox 1412 1847 1533 1881; x_wconf 87' lang='lat' dir='ltr'>omnia</span> <span class='ocrx_word' id='word_1_345' title='bbox 1546 1847 1768 1895; x_wconf 79' lang='lat' dir='ltr'>circumqua-</span> 
     </span>
     <span class='ocr_line' id='line_1_31' title="bbox 34 1891 1767 1941; baseline 0.002 -13"><span class='ocrx_word' id='word_1_346' title='bbox 34 1905 103 1941; x_wconf 89' lang='lat' dir='ltr'>que</span> <span class='ocrx_word' id='word_1_347' title='bbox 119 1893 252 1941; x_wconf 78' lang='lat' dir='ltr'>algent,</span> <span class='ocrx_word' id='word_1_348' title='bbox 264 1891 336 1939; x_wconf 83' lang='lat' dir='ltr'>ejus</span> <span class='ocrx_word' id='word_1_349' title='bbox 346 1902 482 1927; x_wconf 61' lang='lat' dir='ltr'>remota</span> <span class='ocrx_word' id='word_1_350' title='bbox 491 1895 630 1927; x_wconf 87' lang='lat' dir='ltr'>materia</span> <span class='ocrx_word' id='word_1_351' title='bbox 640 1893 686 1927; x_wconf 85' lang='lat' dir='ltr'>est</span> <span class='ocrx_word' id='word_1_352' title='bbox 695 1894 872 1941; x_wconf 73' lang='lat' dir='ltr'>exspiratio</span> <span class='ocrx_word' id='word_1_353' title='bbox 881 1917 890 1933; x_wconf 79' lang='lat'>‚</span> <span class='ocrx_word' id='word_1_354' title='bbox 902 1906 973 1928; x_wconf 89' lang='lat' dir='ltr'>non</span> <span class='ocrx_word' id='word_1_355' title='bbox 985 1904 1083 1930; x_wconf 84' lang='lat' dir='ltr'>tanto</span> <span class='ocrx_word' id='word_1_356' title='bbox 1100 1894 1232 1934; x_wconf 79' lang='lat' dir='ltr'>calore,</span> <span class='ocrx_word' id='word_1_357' title='bbox 1251 1906 1316 1930; x_wconf 86' lang='lat' dir='ltr'>nec</span> <span class='ocrx_word' id='word_1_358' title='bbox 1325 1895 1358 1928; x_wconf 85' lang='lat' dir='ltr'>in</span> <span class='ocrx_word' id='word_1_359' title='bbox 1366 1904 1436 1929; x_wconf 84' lang='lat' dir='ltr'>tam</span> <span class='ocrx_word' id='word_1_360' title='bbox 1453 1895 1593 1930; x_wconf 83' lang='lat' dir='ltr'>densam</span> <span class='ocrx_word' id='word_1_361' title='bbox 1602 1895 1767 1932; x_wconf 78' lang='lat' dir='ltr'>calidam-</span> 
     </span>
     <span class='ocr_line' id='line_1_32' title="bbox 33 1940 1764 1993; baseline 0.002 -16"><span class='ocrx_word' id='word_1_362' title='bbox 33 1953 104 1989; x_wconf 87' lang='lat' dir='ltr'>que</span> <span class='ocrx_word' id='word_1_363' title='bbox 119 1943 250 1977; x_wconf 86' lang='lat' dir='ltr'>nubem</span> <span class='ocrx_word' id='word_1_364' title='bbox 266 1940 396 1977; x_wconf 58' lang='lat' dir='ltr'>coatia.</span> <span class='ocrx_word' id='word_1_365' title='bbox 447 1940 701 1976; x_wconf 81' lang='lat' dir='ltr'>Proximavero</span> <span class='ocrx_word' id='word_1_366' title='bbox 717 1941 871 1978; x_wconf 85' lang='lat' dir='ltr'>efficiens</span> <span class='ocrx_word' id='word_1_367' title='bbox 886 1942 1764 1993; x_wconf 64' lang='lat' dir='ltr'>caulaesttrigusaerisambientis,congelantisque.</span> 
     </span>
     <span class='ocr_line' id='line_1_33' title="bbox 34 1989 1768 2041; baseline 0.002 -15"><span class='ocrx_word' id='word_1_368' title='bbox 34 1990 148 2027; x_wconf 71' lang='lat' dir='ltr'>Causa</span> <span class='ocrx_word' id='word_1_369' title='bbox 165 1990 318 2025; x_wconf 64' lang='lat' dir='ltr'>formalis</span> <span class='ocrx_word' id='word_1_370' title='bbox 336 1989 385 2024; x_wconf 88' lang='lat' dir='ltr'>est</span> <span class='ocrx_word' id='word_1_371' title='bbox 403 1989 513 2037; x_wconf 69' lang='lat' dir='ltr'>specie</span> <span class='ocrx_word' id='word_1_372' title='bbox 527 1989 752 2039; x_wconf 85' lang='lat' dir='ltr'>globulorum</span> <span class='ocrx_word' id='word_1_373' title='bbox 762 1990 997 2040; x_wconf 87' lang='lat' dir='ltr'>conglaciatus</span> <span class='ocrx_word' id='word_1_374' title='bbox 1007 1993 1147 2030; x_wconf 77' lang='lat' dir='ltr'>humor.</span> <span class='ocrx_word' id='word_1_375' title='bbox 1197 1992 1377 2027; x_wconf 85' lang='lat' dir='ltr'>Numerus</span> <span class='ocrx_word' id='word_1_376' title='bbox 1386 2002 1503 2028; x_wconf 88' lang='lat' dir='ltr'>autem</span> <span class='ocrx_word' id='word_1_377' title='bbox 1511 2002 1628 2028; x_wconf 85' lang='lat' dir='ltr'>tantus</span> <span class='ocrx_word' id='word_1_378' title='bbox 1637 1993 1768 2041; x_wconf 84' lang='lat' dir='ltr'>cstglo-</span> 
     </span>
    </p>

    <p class='ocr_par' dir='ltr' id='par_1_5' title="bbox 14 2039 1716 2090">
     <span class='ocr_line' id='line_1_34' title="bbox 14 2039 1716 2090; baseline 0.002 -16"><span class='ocrx_word' id='word_1_379' title='bbox 14 2063 15 2070; x_wconf 28' lang='grc' dir='ltr'>η</span> <span class='ocrx_word' id='word_1_380' title='bbox 32 2039 196 2075; x_wconf 87' lang='lat' dir='ltr'>bulorum</span> <span class='ocrx_word' id='word_1_381' title='bbox 210 2061 222 2078; x_wconf 83' lang='lat'>,</span> <span class='ocrx_word' id='word_1_382' title='bbox 240 2048 390 2086; x_wconf 87' lang='lat' dir='ltr'>quantus</span> <span class='ocrx_word' id='word_1_383' title='bbox 398 2048 596 2086; x_wconf 82' lang='lat' dir='ltr'>guttarum3</span> <span class='ocrx_word' id='word_1_384' title='bbox 609 2051 691 2073; x_wconf 86' lang='lat' dir='ltr'>nam</span> <span class='ocrx_word' id='word_1_385' title='bbox 707 2039 844 2088; x_wconf 79' lang='lat' dir='ltr'>lingulae</span> <span class='ocrx_word' id='word_1_386' title='bbox 854 2050 960 2088; x_wconf 56' lang='lat' dir='ltr'>gutta*</span> <span class='ocrx_word' id='word_1_387' title='bbox 975 2041 1104 2089; x_wconf 82' lang='lat' dir='ltr'>frigore</span> <span class='ocrx_word' id='word_1_388' title='bbox 1117 2041 1350 2076; x_wconf 80' lang='lat' dir='ltr'>concrelcunt</span> <span class='ocrx_word' id='word_1_389' title='bbox 1363 2041 1398 2076; x_wconf 71' lang='grc' dir='ltr'>ὅ(</span> <span class='ocrx_word' id='word_1_390' title='bbox 1413 2040 1502 2077; x_wconf 78' lang='lat' dir='ltr'>fiunt</span> <span class='ocrx_word' id='word_1_391' title='bbox 1516 2042 1716 2090; x_wconf 86' lang='lat' dir='ltr'>grandines.</span> 
     </span>
    </p>

    <p class='ocr_par' dir='ltr' id='par_1_6' title="bbox 32 2086 1768 2236">
     <span class='ocr_line' id='line_1_35' title="bbox 133 2086 1768 2138; baseline 0.004 -19"><span class='ocrx_word' id='word_1_392' title='bbox 133 2086 324 2123; x_wconf 70' lang='lat' dir='ltr'>Conclusio</span> <span class='ocrx_word' id='word_1_393' title='bbox 341 2087 500 2121; x_wconf 70' lang='lat' dir='ltr'>secunda.</span> <span class='ocrx_word' id='word_1_394' title='bbox 550 2086 698 2122; x_wconf 84' lang='lat' dir='ltr'>Grando</span> <span class='ocrx_word' id='word_1_395' title='bbox 707 2087 745 2123; x_wconf 87' lang='lat' dir='ltr'>fit</span> <span class='ocrx_word' id='word_1_396' title='bbox 759 2089 794 2124; x_wconf 72' lang='grc' dir='ltr'>ὅ(</span> <span class='ocrx_word' id='word_1_397' title='bbox 808 2098 991 2136; x_wconf 87' lang='lat' dir='ltr'>generatur</span> <span class='ocrx_word' id='word_1_398' title='bbox 1003 2099 1079 2124; x_wconf 87' lang='lat' dir='ltr'>tum</span> <span class='ocrx_word' id='word_1_399' title='bbox 1095 2090 1130 2124; x_wconf 93' lang='lat' dir='ltr'>in</span> <span class='ocrx_word' id='word_1_400' title='bbox 1146 2090 1279 2129; x_wconf 84' lang='lat' dir='ltr'>media,</span> <span class='ocrx_word' id='word_1_401' title='bbox 1295 2100 1370 2124; x_wconf 88' lang='lat' dir='ltr'>tum</span> <span class='ocrx_word' id='word_1_402' title='bbox 1387 2088 1644 2126; x_wconf 74' lang='lat' dir='ltr'>ininfimaaeris</span> <span class='ocrx_word' id='word_1_403' title='bbox 1652 2091 1768 2138; x_wconf 80' lang='lat' dir='ltr'>regio..</span> 
     </span>
     <span class='ocr_line' id='line_1_36' title="bbox 32 2135 1764 2187; baseline 0.002 -16"><span class='ocrx_word' id='word_1_404' title='bbox 32 2148 101 2181; x_wconf 76' lang='lat' dir='ltr'>ne3</span> <span class='ocrx_word' id='word_1_405' title='bbox 119 2136 220 2170; x_wconf 81' lang='lat' dir='ltr'>Ratio</span> <span class='ocrx_word' id='word_1_406' title='bbox 234 2135 306 2175; x_wconf 75' lang='lat' dir='ltr'>est,</span> <span class='ocrx_word' id='word_1_407' title='bbox 323 2136 402 2183; x_wconf 86' lang='lat' dir='ltr'>quia</span> <span class='ocrx_word' id='word_1_408' title='bbox 414 2136 498 2170; x_wconf 87' lang='lat' dir='ltr'>dum</span> <span class='ocrx_word' id='word_1_409' title='bbox 514 2136 635 2172; x_wconf 87' lang='lat' dir='ltr'>omnia</span> <span class='ocrx_word' id='word_1_410' title='bbox 653 2137 926 2185; x_wconf 83' lang='lat' dir='ltr'>circumquaque</span> <span class='ocrx_word' id='word_1_411' title='bbox 941 2137 1252 2185; x_wconf 77' lang='lat' dir='ltr'>rigescunt,potest</span> <span class='ocrx_word' id='word_1_412' title='bbox 1261 2138 1361 2173; x_wconf 79' lang='lat' dir='ltr'>aerin</span> <span class='ocrx_word' id='word_1_413' title='bbox 1370 2138 1515 2185; x_wconf 66' lang='lat' dir='ltr'>utraque</span> <span class='ocrx_word' id='word_1_414' title='bbox 1529 2139 1677 2187; x_wconf 80' lang='lat' dir='ltr'>regione</span> <span class='ocrx_word' id='word_1_415' title='bbox 1688 2141 1764 2175; x_wconf 87' lang='lat' dir='ltr'>ido-</span> 
     </span>
     <span class='ocr_line' id='line_1_37' title="bbox 33 2184 1762 2236; baseline 0.002 -17"><span class='ocrx_word' id='word_1_416' title='bbox 33 2196 137 2220; x_wconf 83' lang='lat' dir='ltr'>neam</span> <span class='ocrx_word' id='word_1_417' title='bbox 148 2185 307 2219; x_wconf 86' lang='lat' dir='ltr'>obtinere</span> <span class='ocrx_word' id='word_1_418' title='bbox 315 2184 450 2233; x_wconf 80' lang='lat' dir='ltr'>frigoris</span> <span class='ocrx_word' id='word_1_419' title='bbox 460 2185 717 2219; x_wconf 83' lang='lat' dir='ltr'>vehementiam</span> <span class='ocrx_word' id='word_1_420' title='bbox 727 2187 770 2220; x_wconf 89' lang='lat' dir='ltr'>ad</span> <span class='ocrx_word' id='word_1_421' title='bbox 780 2186 1066 2234; x_wconf 75' lang='lat' dir='ltr'>conglaciandam</span> <span class='ocrx_word' id='word_1_422' title='bbox 1075 2198 1212 2233; x_wconf 87' lang='lat' dir='ltr'>aquam.</span> <span class='ocrx_word' id='word_1_423' title='bbox 1240 2187 1336 2221; x_wconf 89' lang='lat' dir='ltr'>Dum</span> <span class='ocrx_word' id='word_1_424' title='bbox 1347 2196 1463 2221; x_wconf 83' lang='lat' dir='ltr'>autem</span> <span class='ocrx_word' id='word_1_425' title='bbox 1473 2187 1567 2235; x_wconf 84' lang='lat' dir='ltr'>viget</span> <span class='ocrx_word' id='word_1_426' title='bbox 1574 2187 1671 2223; x_wconf 75' lang='lat' dir='ltr'>aestus</span> <span class='ocrx_word' id='word_1_427' title='bbox 1679 2211 1688 2228; x_wconf 84' lang='lat'>‚</span> <span class='ocrx_word' id='word_1_428' title='bbox 1697 2200 1762 2236; x_wconf 90' lang='lat' dir='ltr'>po-</span> 
     </span>
    </p>

    <p class='ocr_par' dir='ltr' id='par_1_7' title="bbox 14 2230 1764 2572">
     <span class='ocr_line' id='line_1_38' title="bbox 14 2230 1763 2285; baseline 0.002 -16"><span class='ocrx_word' id='word_1_429' title='bbox 14 2255 16 2262; x_wconf 93' lang='lat'><em>·</em></span> <span class='ocrx_word' id='word_1_430' title='bbox 33 2232 98 2269; x_wconf 78' lang='lat' dir='ltr'>test</span> <span class='ocrx_word' id='word_1_431' title='bbox 107 2233 141 2267; x_wconf 86' lang='lat' dir='ltr'>in</span> <span class='ocrx_word' id='word_1_432' title='bbox 157 2230 409 2279; x_wconf 74' lang='lat' dir='ltr'>ejusdemlocis</span> <span class='ocrx_word' id='word_1_433' title='bbox 419 2244 479 2279; x_wconf 87' lang='lat' dir='ltr'>per</span> <span class='ocrx_word' id='word_1_434' title='bbox 493 2232 746 2280; x_wconf 76' lang='lat' dir='ltr'>antiperistasim</span> <span class='ocrx_word' id='word_1_435' title='bbox 760 2244 896 2269; x_wconf 88' lang='lat' dir='ltr'>tantum</span> <span class='ocrx_word' id='word_1_436' title='bbox 910 2234 1064 2283; x_wconf 78' lang='lat' dir='ltr'>fi·igoriS‚</span> <span class='ocrx_word' id='word_1_437' title='bbox 1079 2244 1250 2282; x_wconf 86' lang='lat' dir='ltr'>quantum</span> <span class='ocrx_word' id='word_1_438' title='bbox 1266 2236 1308 2269; x_wconf 88' lang='lat' dir='ltr'>ad</span> <span class='ocrx_word' id='word_1_439' title='bbox 1325 2236 1478 2270; x_wconf 87' lang='lat' dir='ltr'>eundem</span> <span class='ocrx_word' id='word_1_440' title='bbox 1492 2235 1656 2271; x_wconf 68' lang='lat' dir='ltr'>effecium</span> <span class='ocrx_word' id='word_1_441' title='bbox 1673 2248 1763 2285; x_wconf 83' lang='lat' dir='ltr'>opus</span> 
     </span>
     <span class='ocr_line' id='line_1_39' title="bbox 14 2280 1763 2331; baseline 0.002 -14"><span class='ocrx_word' id='word_1_442' title='bbox 14 2286 17 2311; x_wconf 68' lang='grc' dir='ltr'>ἰ</span> <span class='ocrx_word' id='word_1_443' title='bbox 32 2281 71 2317; x_wconf 84' lang='lat' dir='ltr'>fit</span> <span class='ocrx_word' id='word_1_444' title='bbox 84 2304 94 2320; x_wconf 61' lang='lat' dir='ltr'>a</span> <span class='ocrx_word' id='word_1_445' title='bbox 111 2282 197 2316; x_wconf 77' lang='lat' dir='ltr'>intra</span> <span class='ocrx_word' id='word_1_446' title='bbox 213 2293 339 2329; x_wconf 80' lang='lat' dir='ltr'>aquam</span> <span class='ocrx_word' id='word_1_447' title='bbox 356 2280 559 2319; x_wconf 76' lang='lat' dir='ltr'>coalescere.</span> <span class='ocrx_word' id='word_1_448' title='bbox 609 2282 699 2316; x_wconf 75' lang='lat' dir='ltr'>Sane</span> <span class='ocrx_word' id='word_1_449' title='bbox 714 2282 819 2330; x_wconf 78' lang='lat' dir='ltr'>gelati</span> <span class='ocrx_word' id='word_1_450' title='bbox 835 2294 1092 2330; x_wconf 88' lang='lat' dir='ltr'>nonnunquam</span> <span class='ocrx_word' id='word_1_451' title='bbox 1108 2283 1313 2331; x_wconf 84' lang='lat' dir='ltr'>grandinem</span> <span class='ocrx_word' id='word_1_452' title='bbox 1329 2284 1439 2331; x_wconf 78' lang='lat' dir='ltr'>prope</span> <span class='ocrx_word' id='word_1_453' title='bbox 1452 2293 1598 2324; x_wconf 82' lang='lat' dir='ltr'>terram,</span> <span class='ocrx_word' id='word_1_454' title='bbox 1614 2285 1697 2320; x_wconf 84' lang='lat' dir='ltr'>illud</span> <span class='ocrx_word' id='word_1_455' title='bbox 1711 2297 1763 2321; x_wconf 77' lang='lat' dir='ltr'>ar-</span> 
     </span>
     <span class='ocr_line' id='line_1_40' title="bbox 15 2329 1764 2379; baseline 0.003 -16"><span class='ocrx_word' id='word_1_456' title='bbox 15 2352 17 2356; x_wconf 40' lang='lat' dir='ltr'>v</span> <span class='ocrx_word' id='word_1_457' title='bbox 31 2340 205 2377; x_wconf 81' lang='lat' dir='ltr'>gumento</span> <span class='ocrx_word' id='word_1_458' title='bbox 222 2330 285 2368; x_wconf 75' lang='lat' dir='ltr'>est,</span> <span class='ocrx_word' id='word_1_459' title='bbox 305 2330 402 2376; x_wconf 80' lang='lat' dir='ltr'>quod</span> <span class='ocrx_word' id='word_1_460' title='bbox 418 2329 593 2364; x_wconf 86' lang='lat' dir='ltr'>interdum</span> <span class='ocrx_word' id='word_1_461' title='bbox 602 2332 736 2377; x_wconf 82' lang='lat' dir='ltr'>grando</span> <span class='ocrx_word' id='word_1_462' title='bbox 752 2330 1090 2378; x_wconf 86' lang='lat' dir='ltr'>deciditinterceptis</span> <span class='ocrx_word' id='word_1_463' title='bbox 1106 2331 1228 2379; x_wconf 78' lang='lat' dir='ltr'>paleis,</span> <span class='ocrx_word' id='word_1_464' title='bbox 1245 2343 1329 2378; x_wconf 81' lang='lat' dir='ltr'>quas</span> <span class='ocrx_word' id='word_1_465' title='bbox 1344 2344 1432 2379; x_wconf 81' lang='lat' dir='ltr'>aqua</span> <span class='ocrx_word' id='word_1_466' title='bbox 1441 2334 1668 2369; x_wconf 80' lang='lat' dir='ltr'>concrescens</span> <span class='ocrx_word' id='word_1_467' title='bbox 1687 2335 1720 2369; x_wconf 95' lang='lat' dir='ltr'>in</span> <span class='ocrx_word' id='word_1_468' title='bbox 1731 2333 1764 2370; x_wconf 86' lang='lat' dir='ltr'>se</span> 
     </span>
     <span class='ocr_line' id='line_1_41' title="bbox 16 2377 1762 2430; baseline 0.002 -16"><span class='ocrx_word' id='word_1_469' title='bbox 16 2395 17 2398; x_wconf 48' lang='lat'>¹</span> <span class='ocrx_word' id='word_1_470' title='bbox 32 2378 226 2414; x_wconf 80' lang='lat' dir='ltr'>incluserat.</span> <span class='ocrx_word' id='word_1_471' title='bbox 254 2379 359 2413; x_wconf 81' lang='lat' dir='ltr'>Unde</span> <span class='ocrx_word' id='word_1_472' title='bbox 370 2379 570 2425; x_wconf 81' lang='lat' dir='ltr'>negandum</span> <span class='ocrx_word' id='word_1_473' title='bbox 580 2377 645 2417; x_wconf 84' lang='lat' dir='ltr'>est,</span> <span class='ocrx_word' id='word_1_474' title='bbox 655 2378 786 2426; x_wconf 78' lang='lat' dir='ltr'>semper</span> <span class='ocrx_word' id='word_1_475' title='bbox 794 2379 1069 2428; x_wconf 84' lang='lat' dir='ltr'>geminationem</span> <span class='ocrx_word' id='word_1_476' title='bbox 1078 2380 1254 2415; x_wconf 79' lang='lat' dir='ltr'>radiorum</span> <span class='ocrx_word' id='word_1_477' title='bbox 1264 2381 1298 2414; x_wconf 88' lang='lat' dir='ltr'>in</span> <span class='ocrx_word' id='word_1_478' title='bbox 1308 2380 1426 2415; x_wconf 69' lang='lat' dir='ltr'>infima</span> <span class='ocrx_word' id='word_1_479' title='bbox 1434 2381 1579 2430; x_wconf 80' lang='lat' dir='ltr'>regione</span> <span class='ocrx_word' id='word_1_480' title='bbox 1593 2383 1679 2417; x_wconf 73' lang='lat' dir='ltr'>aeris</span> <span class='ocrx_word' id='word_1_481' title='bbox 1688 2392 1762 2417; x_wconf 89' lang='lat' dir='ltr'>tan-</span> 
     </span>
     <span class='ocr_line' id='line_1_42' title="bbox 16 2425 1764 2477; baseline 0.003 -16"><span class='ocrx_word' id='word_1_482' title='bbox 16 2449 17 2457; x_wconf 48' lang='lat'>1</span> <span class='ocrx_word' id='word_1_483' title='bbox 31 2437 103 2462; x_wconf 86' lang='lat' dir='ltr'>tam</span> <span class='ocrx_word' id='word_1_484' title='bbox 118 2425 186 2461; x_wconf 73' lang='lat' dir='ltr'>eii‘e</span> <span class='ocrx_word' id='word_1_485' title='bbox 201 2449 211 2466; x_wconf 80' lang='lat'>‚</span> <span class='ocrx_word' id='word_1_486' title='bbox 237 2436 277 2461; x_wconf 86' lang='lat' dir='ltr'>ut</span> <span class='ocrx_word' id='word_1_487' title='bbox 293 2426 399 2474; x_wconf 81' lang='lat' dir='ltr'>frigus</span> <span class='ocrx_word' id='word_1_488' title='bbox 415 2429 458 2460; x_wconf 78' lang='lat' dir='ltr'>ad</span> <span class='ocrx_word' id='word_1_489' title='bbox 473 2425 760 2474; x_wconf 84' lang='lat' dir='ltr'>conglaciandam</span> <span class='ocrx_word' id='word_1_490' title='bbox 774 2439 898 2475; x_wconf 88' lang='lat' dir='ltr'>aquam</span> <span class='ocrx_word' id='word_1_491' title='bbox 917 2427 1104 2463; x_wconf 75' lang='lat' dir='ltr'>neceffario</span> <span class='ocrx_word' id='word_1_492' title='bbox 1118 2439 1297 2477; x_wconf 81' lang='lat' dir='ltr'>expugnet</span> <span class='ocrx_word' id='word_1_493' title='bbox 1311 2429 1345 2464; x_wconf 72' lang='grc' dir='ltr'>ὅ(</span> <span class='ocrx_word' id='word_1_494' title='bbox 1362 2429 1545 2465; x_wconf 83' lang='lat' dir='ltr'>interimat.</span> <span class='ocrx_word' id='word_1_495' title='bbox 1594 2431 1764 2471; x_wconf 76' lang='lat' dir='ltr'>Accedit,</span> 
     </span>
     <span class='ocr_line' id='line_1_43' title="bbox 16 2474 1763 2525; baseline 0.003 -15"><span class='ocrx_word' id='word_1_496' title='bbox 16 2494 18 2505; x_wconf 77' lang='lat'>›</span> <span class='ocrx_word' id='word_1_497' title='bbox 32 2477 131 2523; x_wconf 89' lang='lat' dir='ltr'>quod</span> <span class='ocrx_word' id='word_1_498' title='bbox 142 2474 301 2522; x_wconf 64' lang='lat' dir='ltr'>praedifi‘ca</span> <span class='ocrx_word' id='word_1_499' title='bbox 310 2474 541 2523; x_wconf 75' lang='lat' dir='ltr'>conglaciatio</span> <span class='ocrx_word' id='word_1_500' title='bbox 561 2486 633 2509; x_wconf 90' lang='lat' dir='ltr'>non</span> <span class='ocrx_word' id='word_1_501' title='bbox 643 2477 684 2510; x_wconf 83' lang='lat' dir='ltr'>ad</span> <span class='ocrx_word' id='word_1_502' title='bbox 695 2476 800 2524; x_wconf 61' lang='lat' dir='ltr'>frigus</span> <span class='ocrx_word' id='word_1_503' title='bbox 809 2477 976 2512; x_wconf 82' lang='lat' dir='ltr'>duntaxat</span> <span class='ocrx_word' id='word_1_504' title='bbox 994 2475 1208 2524; x_wconf 63' lang='lat' dir='ltr'>circumjecii</span> <span class='ocrx_word' id='word_1_505' title='bbox 1224 2478 1380 2525; x_wconf 84' lang='lat' dir='ltr'>corporis</span> <span class='ocrx_word' id='word_1_506' title='bbox 1389 2501 1400 2518; x_wconf 70' lang='lat'><strong>³</strong></span> <span class='ocrx_word' id='word_1_507' title='bbox 1418 2477 1475 2514; x_wconf 85' lang='lat' dir='ltr'>sed</span> <span class='ocrx_word' id='word_1_508' title='bbox 1490 2479 1666 2514; x_wconf 83' lang='lat' dir='ltr'>interdum</span> <span class='ocrx_word' id='word_1_509' title='bbox 1673 2481 1718 2515; x_wconf 82' lang='lat' dir='ltr'>ad</span> <span class='ocrx_word' id='word_1_510' title='bbox 1726 2491 1763 2515; x_wconf 86' lang='lat' dir='ltr'>e·</span> 
     </span>
     <span class='ocr_line' id='line_1_44' title="bbox 16 2521 1306 2572; baseline 0.002 -13"><span class='ocrx_word' id='word_1_511' title='bbox 16 2521 266 2572; x_wconf 51' lang='lat' dir='ltr'>{juscaloreim</span> <span class='ocrx_word' id='word_1_512' title='bbox 282 2523 369 2559; x_wconf 85' lang='lat' dir='ltr'>&amp;ad</span> <span class='ocrx_word' id='word_1_513' title='bbox 386 2522 658 2570; x_wconf 58' lang='lat' dir='ltr'>antiperistafim2</span> <span class='ocrx_word' id='word_1_514' title='bbox 674 2534 711 2558; x_wconf 92' lang='lat' dir='ltr'>ut</span> <span class='ocrx_word' id='word_1_515' title='bbox 725 2525 877 2572; x_wconf 78' lang='lat' dir='ltr'>superius</span> <span class='ocrx_word' id='word_1_516' title='bbox 886 2526 1051 2565; x_wconf 84' lang='lat' dir='ltr'>diximus,</span> <span class='ocrx_word' id='word_1_517' title='bbox 1067 2527 1248 2560; x_wconf 80' lang='lat' dir='ltr'>referenda</span> <span class='ocrx_word' id='word_1_518' title='bbox 1258 2525 1306 2561; x_wconf 78' lang='lat' dir='ltr'>fit.</span> 
     </span>
    </p>

    <p class='ocr_par' dir='ltr' id='par_1_8' title="bbox 33 2571 1764 2769">
     <span class='ocr_line' id='line_1_45' title="bbox 133 2571 1764 2623; baseline 0.004 -16"><span class='ocrx_word' id='word_1_519' title='bbox 133 2573 256 2608; x_wconf 86' lang='lat' dir='ltr'>Dices:</span> <span class='ocrx_word' id='word_1_520' title='bbox 275 2571 420 2607; x_wconf 80' lang='lat' dir='ltr'>Grando</span> <span class='ocrx_word' id='word_1_521' title='bbox 430 2584 503 2606; x_wconf 89' lang='lat' dir='ltr'>non</span> <span class='ocrx_word' id='word_1_522' title='bbox 518 2574 687 2610; x_wconf 73' lang='lat' dir='ltr'>rotunda,</span> <span class='ocrx_word' id='word_1_523' title='bbox 703 2572 758 2607; x_wconf 80' lang='lat' dir='ltr'>sed</span> <span class='ocrx_word' id='word_1_524' title='bbox 773 2573 932 2622; x_wconf 81' lang='lat' dir='ltr'>angulata</span> <span class='ocrx_word' id='word_1_525' title='bbox 947 2574 1010 2613; x_wconf 83' lang='lat' dir='ltr'>est,</span> <span class='ocrx_word' id='word_1_526' title='bbox 1026 2575 1082 2609; x_wconf 86' lang='lat' dir='ltr'>[ed</span> <span class='ocrx_word' id='word_1_527' title='bbox 1099 2576 1170 2610; x_wconf 83' lang='lat' dir='ltr'>hoc</span> <span class='ocrx_word' id='word_1_528' title='bbox 1184 2574 1231 2609; x_wconf 88' lang='lat' dir='ltr'>est</span> <span class='ocrx_word' id='word_1_529' title='bbox 1247 2575 1390 2610; x_wconf 83' lang='lat' dir='ltr'>evidens</span> <span class='ocrx_word' id='word_1_530' title='bbox 1407 2574 1558 2623; x_wconf 76' lang='lat' dir='ltr'>signum,</span> <span class='ocrx_word' id='word_1_531' title='bbox 1574 2577 1672 2623; x_wconf 85' lang='lat' dir='ltr'>quod</span> <span class='ocrx_word' id='word_1_532' title='bbox 1686 2588 1764 2613; x_wconf 78' lang='lat' dir='ltr'>non</span> 
     </span>
     <span class='ocr_line' id='line_1_46' title="bbox 35 2620 1761 2673; baseline 0.003 -18"><span class='ocrx_word' id='word_1_533' title='bbox 35 2632 80 2656; x_wconf 85' lang='lat' dir='ltr'>ex</span> <span class='ocrx_word' id='word_1_534' title='bbox 92 2620 182 2660; x_wconf 77' lang='lat' dir='ltr'>alto,</span> <span class='ocrx_word' id='word_1_535' title='bbox 196 2633 322 2668; x_wconf 90' lang='lat' dir='ltr'>nempe</span> <span class='ocrx_word' id='word_1_536' title='bbox 340 2633 382 2655; x_wconf 84' lang='lat' dir='ltr'>ex</span> <span class='ocrx_word' id='word_1_537' title='bbox 397 2621 511 2655; x_wconf 86' lang='lat' dir='ltr'>media</span> <span class='ocrx_word' id='word_1_538' title='bbox 525 2621 612 2655; x_wconf 77' lang='lat' dir='ltr'>aeris</span> <span class='ocrx_word' id='word_1_539' title='bbox 628 2622 772 2669; x_wconf 78' lang='lat' dir='ltr'>regione</span> <span class='ocrx_word' id='word_1_540' title='bbox 785 2623 887 2657; x_wconf 81' lang='lat' dir='ltr'>cadat</span> <span class='ocrx_word' id='word_1_541' title='bbox 901 2645 912 2662; x_wconf 65' lang='lat' dir='ltr'>a</span> <span class='ocrx_word' id='word_1_542' title='bbox 927 2622 1024 2658; x_wconf 82' lang='lat' dir='ltr'>aliter</span> <span class='ocrx_word' id='word_1_543' title='bbox 1036 2623 1117 2658; x_wconf 69' lang='lat' dir='ltr'>aeris</span> <span class='ocrx_word' id='word_1_544' title='bbox 1131 2624 1246 2658; x_wconf 82' lang='lat' dir='ltr'>attritu</span> <span class='ocrx_word' id='word_1_545' title='bbox 1261 2624 1509 2658; x_wconf 78' lang='lat' dir='ltr'>rotundaretur</span> <span class='ocrx_word' id='word_1_546' title='bbox 1522 2646 1531 2663; x_wconf 64' lang='lat'>2</span> <span class='ocrx_word' id='word_1_547' title='bbox 1547 2635 1642 2673; x_wconf 81' lang='lat' dir='ltr'>ergo.</span> <span class='ocrx_word' id='word_1_548' title='bbox 1693 2625 1761 2660; x_wconf 88' lang='lat' dir='ltr'>Re-</span> 
     </span>
     <span class='ocr_line' id='line_1_47' title="bbox 37 2669 1763 2721; baseline 0.002 -17"><span class='ocrx_word' id='word_1_549' title='bbox 37 2669 348 2717; x_wconf 84' lang='lat' dir='ltr'>spondeturprimo</span> <span class='ocrx_word' id='word_1_550' title='bbox 363 2671 544 2715; x_wconf 72' lang='lat' dir='ltr'>negando,</span> <span class='ocrx_word' id='word_1_551' title='bbox 559 2672 765 2718; x_wconf 84' lang='lat' dir='ltr'>grandinem</span> <span class='ocrx_word' id='word_1_552' title='bbox 775 2670 961 2718; x_wconf 83' lang='lat' dir='ltr'>aliquando</span> <span class='ocrx_word' id='word_1_553' title='bbox 978 2683 1051 2706; x_wconf 90' lang='lat' dir='ltr'>non</span> <span class='ocrx_word' id='word_1_554' title='bbox 1061 2671 1334 2708; x_wconf 79' lang='lat' dir='ltr'>efferotundarn.</span> <span class='ocrx_word' id='word_1_555' title='bbox 1360 2672 1605 2712; x_wconf 78' lang='lat' dir='ltr'>Secundo-,illa</span> <span class='ocrx_word' id='word_1_556' title='bbox 1615 2675 1763 2721; x_wconf 84' lang='lat' dir='ltr'>grando,</span> 
     </span>
     <span class='ocr_line' id='line_1_48' title="bbox 33 2718 1763 2769; baseline 0.003 -17"><span class='ocrx_word' id='word_1_557' title='bbox 33 2718 334 2765; x_wconf 82' lang='lat' dir='ltr'>quaerotunditate</span> <span class='ocrx_word' id='word_1_558' title='bbox 350 2728 459 2757; x_wconf 80' lang='lat' dir='ltr'>caret,</span> <span class='ocrx_word' id='word_1_559' title='bbox 475 2728 534 2752; x_wconf 92' lang='lat' dir='ltr'>aut</span> <span class='ocrx_word' id='word_1_560' title='bbox 543 2719 988 2766; x_wconf 68' lang='lat' dir='ltr'>generaturininfimaaens</span> <span class='ocrx_word' id='word_1_561' title='bbox 996 2721 1160 2769; x_wconf 71' lang='lat' dir='ltr'>regione,</span> <span class='ocrx_word' id='word_1_562' title='bbox 1176 2730 1235 2755; x_wconf 81' lang='lat' dir='ltr'>aut</span> <span class='ocrx_word' id='word_1_563' title='bbox 1254 2720 1288 2755; x_wconf 89' lang='lat' dir='ltr'>in</span> <span class='ocrx_word' id='word_1_564' title='bbox 1304 2731 1344 2755; x_wconf 81' lang='lat' dir='ltr'>ea</span> <span class='ocrx_word' id='word_1_565' title='bbox 1360 2720 1545 2768; x_wconf 69' lang='lat' dir='ltr'>frangitur,</span> <span class='ocrx_word' id='word_1_566' title='bbox 1561 2724 1659 2768; x_wconf 86' lang='lat' dir='ltr'>quod</span> <span class='ocrx_word' id='word_1_567' title='bbox 1676 2721 1763 2758; x_wconf 81' lang='lat' dir='ltr'>stare</span> 
     </span>
    </p>

    <p class='ocr_par' dir='ltr' id='par_1_9' title="bbox 18 2765 1098 2817">
     <span class='ocr_line' id='line_1_49' title="bbox 18 2765 1098 2817; baseline 0.003 -17"><span class='ocrx_word' id='word_1_568' title='bbox 18 2796 19 2810; x_wconf 28' lang='lat'>¹</span> <span class='ocrx_word' id='word_1_569' title='bbox 33 2765 148 2815; x_wconf 80' lang='lat' dir='ltr'>potest</span> <span class='ocrx_word' id='word_1_570' title='bbox 165 2778 247 2801; x_wconf 88' lang='lat' dir='ltr'>cum</span> <span class='ocrx_word' id='word_1_571' title='bbox 257 2777 300 2801; x_wconf 92' lang='lat' dir='ltr'>eo</span> <span class='ocrx_word' id='word_1_572' title='bbox 308 2789 318 2806; x_wconf 78' lang='lat'>,</span> <span class='ocrx_word' id='word_1_573' title='bbox 337 2768 432 2813; x_wconf 84' lang='lat' dir='ltr'>quod</span> <span class='ocrx_word' id='word_1_574' title='bbox 443 2766 478 2801; x_wconf 86' lang='lat' dir='ltr'>in</span> <span class='ocrx_word' id='word_1_575' title='bbox 486 2766 601 2801; x_wconf 82' lang='lat' dir='ltr'>media</span> <span class='ocrx_word' id='word_1_576' title='bbox 610 2768 690 2802; x_wconf 67' lang='lat' dir='ltr'>aeris</span> <span class='ocrx_word' id='word_1_577' title='bbox 700 2768 844 2816; x_wconf 86' lang='lat' dir='ltr'>regione</span> <span class='ocrx_word' id='word_1_578' title='bbox 858 2768 962 2803; x_wconf 72' lang='lat' dir='ltr'>fuerit</span> <span class='ocrx_word' id='word_1_579' title='bbox 970 2771 1098 2817; x_wconf 80' lang='lat' dir='ltr'>genita.</span> 
     </span>
    </p>

    <p class='ocr_par' dir='ltr' id='par_1_10' title="bbox 135 2814 1766 2865">
     <span class='ocr_line' id='line_1_50' title="bbox 135 2814 1766 2865; baseline 0.002 -16"><span class='ocrx_word' id='word_1_580' title='bbox 135 2814 325 2850; x_wconf 67' lang='lat' dir='ltr'>Conclusio</span> <span class='ocrx_word' id='word_1_581' title='bbox 341 2815 450 2852; x_wconf 81' lang='lat' dir='ltr'>tertia.</span> <span class='ocrx_word' id='word_1_582' title='bbox 502 2815 677 2849; x_wconf 84' lang='lat' dir='ltr'>Dividitur</span> <span class='ocrx_word' id='word_1_583' title='bbox 689 2817 823 2861; x_wconf 81' lang='lat' dir='ltr'>grando</span> <span class='ocrx_word' id='word_1_584' title='bbox 838 2828 883 2851; x_wconf 86' lang='lat' dir='ltr'>ex</span> <span class='ocrx_word' id='word_1_585' title='bbox 898 2817 1090 2863; x_wconf 85' lang='lat' dir='ltr'>quantitate</span> <span class='ocrx_word' id='word_1_586' title='bbox 1104 2816 1141 2852; x_wconf 66' lang='grc' dir='ltr'>ἃ</span> <span class='ocrx_word' id='word_1_587' title='bbox 1155 2815 1276 2865; x_wconf 74' lang='lat' dir='ltr'>figura.</span> <span class='ocrx_word' id='word_1_588' title='bbox 1328 2816 1480 2852; x_wconf 80' lang='lat' dir='ltr'>Ratione</span> <span class='ocrx_word' id='word_1_589' title='bbox 1494 2817 1695 2865; x_wconf 83' lang='lat' dir='ltr'>quantitatis</span> <span class='ocrx_word' id='word_1_590' title='bbox 1716 2818 1766 2854; x_wconf 86' lang='lat' dir='ltr'>est</span> 
     </span>
    </p>

    <p class='ocr_par' dir='ltr' id='par_1_11' title="bbox 18 2862 1765 3192">
     <span class='ocr_line' id='line_1_51' title="bbox 18 2862 1764 2913; baseline 0.001 -14"><span class='ocrx_word' id='word_1_591' title='bbox 18 2863 90 2899; x_wconf 70' lang='lat' dir='ltr'>¹vel</span> <span class='ocrx_word' id='word_1_592' title='bbox 106 2863 275 2903; x_wconf 84' lang='lat' dir='ltr'>maxima,</span> <span class='ocrx_word' id='word_1_593' title='bbox 289 2862 346 2897; x_wconf 86' lang='lat' dir='ltr'>vel</span> <span class='ocrx_word' id='word_1_594' title='bbox 361 2862 515 2903; x_wconf 77' lang='lat' dir='ltr'>minima,</span> <span class='ocrx_word' id='word_1_595' title='bbox 567 2863 720 2898; x_wconf 80' lang='lat' dir='ltr'>Maxima</span> <span class='ocrx_word' id='word_1_596' title='bbox 736 2864 782 2899; x_wconf 84' lang='lat' dir='ltr'>est</span> <span class='ocrx_word' id='word_1_597' title='bbox 790 2865 924 2912; x_wconf 85' lang='lat' dir='ltr'>grando</span> <span class='ocrx_word' id='word_1_598' title='bbox 940 2866 974 2900; x_wconf 92' lang='lat' dir='ltr'>in</span> <span class='ocrx_word' id='word_1_599' title='bbox 983 2865 1162 2900; x_wconf 85' lang='lat' dir='ltr'>orbiculos</span> <span class='ocrx_word' id='word_1_600' title='bbox 1179 2865 1305 2898; x_wconf 76' lang='lat' dir='ltr'>lolidos</span> <span class='ocrx_word' id='word_1_601' title='bbox 1317 2864 1355 2899; x_wconf 65' lang='grc' dir='ltr'>ὃς</span> <span class='ocrx_word' id='word_1_602' title='bbox 1369 2866 1476 2900; x_wconf 89' lang='lat' dir='ltr'>duros</span> <span class='ocrx_word' id='word_1_603' title='bbox 1492 2865 1592 2901; x_wconf 88' lang='lat' dir='ltr'>instar</span> <span class='ocrx_word' id='word_1_604' title='bbox 1608 2866 1764 2913; x_wconf 88' lang='lat' dir='ltr'>lapidum</span> 
     </span>
     <span class='ocr_line' id='line_1_52' title="bbox 37 2911 1763 2961; baseline 0.001 -13"><span class='ocrx_word' id='word_1_605' title='bbox 37 2911 231 2960; x_wconf 54' lang='lat' dir='ltr'>compartiti.</span> <span class='ocrx_word' id='word_1_606' title='bbox 281 2911 421 2951; x_wconf 73' lang='lat' dir='ltr'>Minor,</span> <span class='ocrx_word' id='word_1_607' title='bbox 430 2923 505 2959; x_wconf 85' lang='lat' dir='ltr'>quae</span> <span class='ocrx_word' id='word_1_608' title='bbox 515 2911 620 2960; x_wconf 80' lang='lat' dir='ltr'>vulgo</span> <span class='ocrx_word' id='word_1_609' title='bbox 631 2912 772 2959; x_wconf 78' lang='lat' dir='ltr'>granula</span> <span class='ocrx_word' id='word_1_610' title='bbox 781 2914 975 2953; x_wconf 66' lang='lat' dir='ltr'>dicitur-‚ex</span> <span class='ocrx_word' id='word_1_611' title='bbox 982 2915 1133 2948; x_wconf 84' lang='lat' dir='ltr'>humore</span> <span class='ocrx_word' id='word_1_612' title='bbox 1146 2913 1267 2948; x_wconf 82' lang='lat' dir='ltr'>leviter</span> <span class='ocrx_word' id='word_1_613' title='bbox 1275 2912 1309 2947; x_wconf 67' lang='grc' dir='ltr'>ἂ</span> <span class='ocrx_word' id='word_1_614' title='bbox 1323 2912 1665 2961; x_wconf 67' lang='lat' dir='ltr'>mollitercompa&amp;o</span> <span class='ocrx_word' id='word_1_615' title='bbox 1674 2926 1763 2950; x_wconf 87' lang='lat' dir='ltr'>con-</span> 
     </span>
     <span class='ocr_line' id='line_1_53' title="bbox 36 2959 1762 3009; baseline 0.002 -14"><span class='ocrx_word' id='word_1_616' title='bbox 36 2959 118 3000; x_wconf 81' lang='lat' dir='ltr'>stat,</span> <span class='ocrx_word' id='word_1_617' title='bbox 130 2960 286 3007; x_wconf 80' lang='lat' dir='ltr'>cumque</span> <span class='ocrx_word' id='word_1_618' title='bbox 297 2970 339 2994; x_wconf 86' lang='lat' dir='ltr'>ex</span> <span class='ocrx_word' id='word_1_619' title='bbox 351 2959 463 2994; x_wconf 84' lang='lat' dir='ltr'>altiori</span> <span class='ocrx_word' id='word_1_620' title='bbox 472 2960 554 2995; x_wconf 85' lang='lat' dir='ltr'>loco</span> <span class='ocrx_word' id='word_1_621' title='bbox 565 2960 766 3000; x_wconf 71' lang='lat' dir='ltr'>descendat,</span> <span class='ocrx_word' id='word_1_622' title='bbox 780 2961 913 3009; x_wconf 86' lang='lat' dir='ltr'>globuli</span> <span class='ocrx_word' id='word_1_623' title='bbox 929 2961 985 3009; x_wconf 66' lang='lat' dir='ltr'>ipsi</span> <span class='ocrx_word' id='word_1_624' title='bbox 994 2962 1156 3009; x_wconf 75' lang='lat' dir='ltr'>paulatim</span> <span class='ocrx_word' id='word_1_625' title='bbox 1164 2960 1267 2996; x_wconf 83' lang='lat' dir='ltr'>exilia</span> <span class='ocrx_word' id='word_1_626' title='bbox 1285 2973 1383 2996; x_wconf 76' lang='lat' dir='ltr'>mora</span> <span class='ocrx_word' id='word_1_627' title='bbox 1397 2961 1606 3009; x_wconf 77' lang='lat' dir='ltr'>liquescunt,</span> <span class='ocrx_word' id='word_1_628' title='bbox 1622 2962 1659 2998; x_wconf 84' lang='lat'>&amp;</span> <span class='ocrx_word' id='word_1_629' title='bbox 1675 2973 1762 2999; x_wconf 84' lang='lat' dir='ltr'>atte-</span> 
     </span>
     <span class='ocr_line' id='line_1_54' title="bbox 36 3007 1764 3060; baseline 0.001 -16"><span class='ocrx_word' id='word_1_630' title='bbox 36 3019 169 3044; x_wconf 79' lang='lat' dir='ltr'>runtur.</span> <span class='ocrx_word' id='word_1_631' title='bbox 222 3007 442 3043; x_wconf 68' lang='lat' dir='ltr'>O&amp;onarum</span> <span class='ocrx_word' id='word_1_632' title='bbox 456 3008 758 3043; x_wconf 82' lang='lat' dir='ltr'>circiterlibrarum</span> <span class='ocrx_word' id='word_1_633' title='bbox 772 3011 978 3058; x_wconf 85' lang='lat' dir='ltr'>grandinem</span> <span class='ocrx_word' id='word_1_634' title='bbox 995 3012 1146 3060; x_wconf 56' lang='lat' dir='ltr'>szolm,</span> <span class='ocrx_word' id='word_1_635' title='bbox 1161 3022 1234 3043; x_wconf 88' lang='lat' dir='ltr'>non</span> <span class='ocrx_word' id='word_1_636' title='bbox 1250 3010 1424 3044; x_wconf 83' lang='lat' dir='ltr'>minorem</span> <span class='ocrx_word' id='word_1_637' title='bbox 1440 3011 1597 3045; x_wconf 80' lang='lat' dir='ltr'>humano</span> <span class='ocrx_word' id='word_1_638' title='bbox 1612 3012 1764 3059; x_wconf 77' lang='lat' dir='ltr'>capitel-</span> 
     </span>
     <span class='ocr_line' id='line_1_55' title="bbox 25 3056 1764 3106; baseline 0.003 -17"><span class='ocrx_word' id='word_1_639' title='bbox 25 3056 152 3102; x_wconf 76' lang='lat' dir='ltr'>fidorus.</span> <span class='ocrx_word' id='word_1_640' title='bbox 163 3069 208 3092; x_wconf 85' lang='lat'>12.</span> <span class='ocrx_word' id='word_1_641' title='bbox 225 3057 356 3104; x_wconf 87' lang='lat' dir='ltr'>pedum</span> <span class='ocrx_word' id='word_1_642' title='bbox 366 3056 586 3105; x_wconf 86' lang='lat' dir='ltr'>longitudine</span> <span class='ocrx_word' id='word_1_643' title='bbox 596 3058 797 3098; x_wconf 68' lang='lat' dir='ltr'>Bondnius,</span> <span class='ocrx_word' id='word_1_644' title='bbox 813 3070 856 3096; x_wconf 69' lang='grc' dir='ltr'>η.</span> <span class='ocrx_word' id='word_1_645' title='bbox 872 3060 978 3105; x_wconf 78' lang='lat' dir='ltr'>pedes</span> <span class='ocrx_word' id='word_1_646' title='bbox 993 3058 1133 3106; x_wconf 80' lang='lat' dir='ltr'>longam</span> <span class='ocrx_word' id='word_1_647' title='bbox 1144 3081 1153 3097; x_wconf 66' lang='lat' dir='ltr'>a</span> <span class='ocrx_word' id='word_1_648' title='bbox 1171 3057 1430 3105; x_wconf 72' lang='lat' dir='ltr'>leptemiamm,</span> <span class='ocrx_word' id='word_1_649' title='bbox 1446 3057 1482 3093; x_wconf 76' lang='grc' dir='ltr'>δ(</span> <span class='ocrx_word' id='word_1_650' title='bbox 1497 3059 1587 3093; x_wconf 87' lang='lat' dir='ltr'>duos</span> <span class='ocrx_word' id='word_1_651' title='bbox 1603 3059 1705 3094; x_wconf 81' lang='lat' dir='ltr'>altam</span> <span class='ocrx_word' id='word_1_652' title='bbox 1714 3060 1764 3095; x_wconf 79' lang='lat' dir='ltr'>Si-</span> 
     </span>
     <span class='ocr_line' id='line_1_56' title="bbox 20 3105 1765 3159; baseline 0.001 -17"><span class='ocrx_word' id='word_1_653' title='bbox 20 3133 22 3153; x_wconf 86' lang='grc'>,</span> <span class='ocrx_word' id='word_1_654' title='bbox 35 3107 196 3159; x_wconf 81' lang='lat' dir='ltr'>gebertus</span> <span class='ocrx_word' id='word_1_655' title='bbox 211 3107 295 3152; x_wconf 81' lang='lat'>1636.</span> <span class='ocrx_word' id='word_1_656' title='bbox 320 3105 357 3141; x_wconf 80' lang='lat' dir='ltr'>in</span> <span class='ocrx_word' id='word_1_657' title='bbox 371 3107 547 3141; x_wconf 84' lang='lat' dir='ltr'>territorio</span> <span class='ocrx_word' id='word_1_658' title='bbox 563 3106 774 3154; x_wconf 71' lang='lat' dir='ltr'>Rodingenli</span> <span class='ocrx_word' id='word_1_659' title='bbox 793 3118 844 3152; x_wconf 82' lang='lat'>30.</span> <span class='ocrx_word' id='word_1_660' title='bbox 861 3106 952 3142; x_wconf 87' lang='lat' dir='ltr'>libris</span> <span class='ocrx_word' id='word_1_661' title='bbox 974 3108 1169 3152; x_wconf 78' lang='lat' dir='ltr'>graviorem</span> <span class='ocrx_word' id='word_1_662' title='bbox 1185 3105 1289 3143; x_wconf 76' lang='lat' dir='ltr'>vilam</span> <span class='ocrx_word' id='word_1_663' title='bbox 1302 3107 1359 3142; x_wconf 82' lang='lat' dir='ltr'>alii</span> <span class='ocrx_word' id='word_1_664' title='bbox 1373 3117 1583 3143; x_wconf 81' lang='lat' dir='ltr'>memorant.</span> <span class='ocrx_word' id='word_1_665' title='bbox 1648 3109 1765 3155; x_wconf 87' lang='lat' dir='ltr'>Digna</span> 
     </span>
     <span class='ocr_line' id='line_1_57' title="bbox 38 3154 1758 3192; baseline 0.001 -3"><span class='ocrx_word' id='word_1_666' title='bbox 38 3168 45 3170; x_wconf 53' lang='lat'>&gt;</span> <span class='ocrx_word' id='word_1_667' title='bbox 969 3154 1002 3190; x_wconf 81' lang='lat' dir='ltr'><strong>T</strong></span> <span class='ocrx_word' id='word_1_668' title='bbox 1025 3167 1048 3192; x_wconf 77' lang='lat'>2</span> <span class='ocrx_word' id='word_1_669' title='bbox 1616 3166 1758 3192; x_wconf 83' lang='lat' dir='ltr'>memo-</span> 
     </span>
    </p>
   </div>
   <div class='ocr_carea' id='block_1_5' title="bbox 36 1395 1772 1537">
    <p class='ocr_par' dir='ltr' id='par_1_12' title="bbox 36 1395 1772 1537">
     <span class='ocr_line' id='line_1_58' title="bbox 36 1395 1772 1537; baseline -0.002 -93"><span class='ocrx_word' id='word_1_670' title='bbox 36 1395 335 1537; x_wconf 75' lang='lat' dir='ltr'>COncluiio</span> <span class='ocrx_word' id='word_1_671' title='bbox 352 1407 471 1455; x_wconf 88' lang='lat' dir='ltr'>prima.</span> <span class='ocrx_word' id='word_1_672' title='bbox 521 1407 669 1443; x_wconf 87' lang='lat' dir='ltr'>Grando</span> <span class='ocrx_word' id='word_1_673' title='bbox 685 1407 734 1442; x_wconf 87' lang='lat' dir='ltr'>est</span> <span class='ocrx_word' id='word_1_674' title='bbox 748 1407 948 1456; x_wconf 88' lang='lat' dir='ltr'>congelatio</span> <span class='ocrx_word' id='word_1_675' title='bbox 965 1418 1061 1456; x_wconf 74' lang='lat' dir='ltr'>aqua:</span> <span class='ocrx_word' id='word_1_676' title='bbox 1076 1430 1088 1446; x_wconf 81' lang='lat'>,</span> <span class='ocrx_word' id='word_1_677' title='bbox 1103 1418 1180 1455; x_wconf 75' lang='lat' dir='ltr'>quae</span> <span class='ocrx_word' id='word_1_678' title='bbox 1196 1408 1280 1443; x_wconf 76' lang='lat' dir='ltr'>cum</span> <span class='ocrx_word' id='word_1_679' title='bbox 1293 1407 1313 1442; x_wconf 70' lang='lat' dir='ltr'>a</span> <span class='ocrx_word' id='word_1_680' title='bbox 1326 1416 1434 1442; x_wconf 88' lang='lat' dir='ltr'>vento</span> <span class='ocrx_word' id='word_1_681' title='bbox 1444 1408 1638 1449; x_wconf 76' lang='lat' dir='ltr'>detinetur,</span> <span class='ocrx_word' id='word_1_682' title='bbox 1656 1407 1772 1459; x_wconf 72' lang='lat' dir='ltr'>&amp;agL</span> 
     </span>
    </p>
   </div>
   <div class='ocr_carea' id='block_1_6' title="bbox 0 174 18 3233">
    <p class='ocr_par' dir='ltr' id='par_1_13' title="bbox 0 174 18 3233">
     <span class='ocr_line' id='line_1_59' title="bbox 0 174 18 3233; baseline 0 -69"><span class='ocrx_word' id='word_1_683' title='bbox 0 174 18 3233; x_wconf 95' lang='lat' dir='ltr'>     </span> 
     </span>
    </p>
   </div>
   <div class='ocr_carea' id='block_1_7' title="bbox 0 3160 17 3249">
    <p class='ocr_par' dir='ltr' id='par_1_14' title="bbox 0 3160 17 3249">
     <span class='ocr_line' id='line_1_60' title="bbox 7 3160 17 3206; baseline 0 0"><span class='ocrx_word' id='word_1_684' title='bbox 7 3160 17 3206; x_wconf 61' lang='lat' dir='ltr'>ft</span> 
     </span>
     <span class='ocr_line' id='line_1_61' title="bbox 14 3216 15 3232; baseline 0 0"><span class='ocrx_word' id='word_1_685' title='bbox 14 3216 15 3232; x_wconf 79' lang='lat' dir='ltr'>l</span> 
     </span>
     <span class='ocr_line' id='line_1_62' title="bbox 0 3239 1 3249; baseline 0 0"><span class='ocrx_word' id='word_1_686' title='bbox 0 3239 1 3249; x_wconf 82' lang='lat' dir='ltr'>l</span> 
     </span>
    </p>
   </div>
  </div>
 </body>
</html>
