2054 3496
613 214 1184 286 Philosophico-Politica
1660 226 1767 279 249
1779 242 1935 290 Joangap,

49 300 95 327 1ae
111 289 176 326 aeri
191 289 349 339 expositae
359 311 370 330 ,
384 288 652 327 subducentibus
667 292 698 328 se
713 292 816 328 tacite
833 291 1016 338 spiritibus,
1032 289 1240 326 evanescunt
1255 287 1414 324 :consilia
1429 287 1450 323 si
1466 287 1626 336 patuere,
1639 288 1710 323 vim
1726 301 1762 321 ο.
1778 292 1917 325 vinctae.

51 351 171 376 mnem
186 339 335 375 amisere.
389 339 557 374 Morietur
571 340 676 375 hostis
687 363 697 381 ,
714 349 752 376 ut
764 339 822 375 sibi
839 339 1021 387 provideat
1035 361 1045 378 ,
1061 338 1081 372 si
1097 338 1127 373 ei
1140 338 1299 384 proditur
1314 336 1492 372 consilium
1507 359 1517 376 ,
1535 346 1572 371 ut
1586 346 1701 383 aperte
1716 337 1757 371 vi·
1779 344 1932 379 rsurHor,

53 389 142 423 deae.
197 388 236 422 ln
254 387 389 422 sumum
404 386 533 422 abeunt
548 387 684 424 illustria
697 387 845 427 lumina,
860 387 918 422 nisi
933 387 1038 421 obvio
1052 395 1159 421 vento
1167 394 1350 433 tegantur:
1367 383 1760 432 illustrislimaregiorum
1775 399 1793 430 Ι,
1805 401 1830 428 3.
1844 390 1895 423 ode
1904 402 1932 423 2,

54 436 251 470 animorum
269 433 453 469 &Gramina
470 435 539 469 sine
553 435 665 472 fru&u
674 435 900 474 evanescunt,
915 446 990 482 quae
1004 434 1114 482 palam
1124 432 1355 468 innotescunt.
1405 433 1440 468 O
1458 433 1687 479 quotarmain
1700 431 1763 466 ilo-

0 503 1 511 κ
51 495 89 519 re
104 482 279 523 stetissent,
295 481 434 518 &velut
443 483 643 519 convolutae
658 485 691 520 in
702 485 836 519 nodum
845 482 927 518 rosae
943 484 1083 518 succum
1093 481 1289 521 s'ervaslent,
1310 481 1330 516 si
1345 482 1442 516 nodo
1455 480 1592 516 Gordio
1608 480 1695 515 labra
1713 491 1773 515 oc-

51 530 158 572 clusa,
175 531 212 567 ὅς
228 532 426 567 animorum
445 529 535 565 sensa
547 531 606 567 sub
623 534 696 567 rosa
710 531 872 568 conteEia
887 531 1033 568 fuissent.
1098 530 1184 565 Non
1203 529 1249 564 est
1263 552 1273 569 ,
1291 531 1388 577 quod
1405 529 1548 564 Momus
1561 527 1781 564 fenesteitsm

52 580 168 615 cordis
183 589 325 628 exoptet
340 592 349 614 ς
368 580 489 626 sponte
505 589 643 626 patent,
665 592 740 627 quae
755 592 820 616 nec
836 580 956 628 optico
971 581 1057 614 tubo
1075 577 1327 625 comprehendi
1342 579 1520 612 deberent.
1575 575 1772 612 Grandiora

52 626 197 663 flumina
211 627 341 664 silentio
361 627 452 662 suam
470 627 601 664 servant
616 627 845 676 majestatem:
861 628 937 675 plus
952 628 986 662 in
996 628 1117 662 orbem
1133 626 1164 661 se
1181 626 1353 661 diffundet
1360 623 1557 672 Principum
1565 625 1739 673 potentia,
1751 623 1772 658 si

51 676 159 712 tacito
168 678 256 724 pede
273 675 442 723 procedit.
495 675 624 712 Ranam
636 678 669 712 in
678 677 808 712 annulo
817 676 992 711 Mecaenas
1001 674 1142 724 gestavit
1151 697 1161 714 ,
1175 685 1250 709 non
1265 685 1308 709 ex
1317 674 1355 708 iis
1365 696 1375 713 ,
1390 684 1464 720 quae
1473 671 1603 708 assidue
1610 682 1756 707 coaxant
1765 694 1775 711 ,

52 723 110 759 sed
124 735 200 772 quae
219 724 254 759 in
269 723 378 758 Insula
387 722 534 771 Seripho
551 736 721 772 perpetuo
736 734 862 762 tacent.
914 723 995 758 Hoc
1009 721 1139 758 annulo
1153 722 1264 770 quivis
1273 721 1470 757 Alexander
1487 721 1584 756 suum
1593 720 1770 767 Ephestio-

53 783 134 807 nem
150 771 248 807 labris
262 771 398 820 sigillet:
411 767 498 809 Tace.
549 773 599 808 Ut
612 774 773 808 videlicet
781 784 862 809 cum
872 771 1089 819 Harpocrate
1096 771 1242 819 digitum
1258 770 1519 809 oriadmoveat,
1534 780 1601 804 nec
1615 767 1769 804 Anastar-

53 821 110 856 chi
125 820 246 868 pistillo
261 819 430 856 secretum
446 821 678 857 everberetur.
728 822 869 869 Equites
886 820 981 855 aurei
996 818 1128 855 velleris
1140 817 1332 854 Consiliarii
1347 817 1409 853 sint
1418 815 1641 866 Principum,
1657 818 1713 852 sed
1726 815 1773 851 illi

52 868 252 919 Lusigniani
259 867 467 909 Galliarum,
482 867 631 907 litteram
640 871 674 908 S.
689 879 815 918 torque
829 869 1016 918 pendulam
1031 876 1193 917 gerentes
1214 880 1224 902 ι
1242 867 1407 902 Sdenn'um.

581 983 822 1068 QUAE
842 984 882 1050 S
900 984 1009 1048 TI
1031 982 1100 1049 O
1167 981 1235 1047 ΙΙ.

398 1086 480 1139 De
488 1080 650 1155 succis
671 1089 851 1139 ‘Terrae
864 1126 880 1144 ,
902 1087 970 1148 ξς
993 1090 1046 1136 in
1054 1087 1210 1160 specie
1231 1082 1285 1136 de
1300 1081 1421 1156 sale.

171 1207 331 1257 Xplicata
342 1217 463 1245 natura
477 1218 667 1256 corporum
678 1206 839 1244 foffiliurn
851 1207 887 1244 &
897 1208 1149 1245 metallicorum
1160 1207 1196 1245 in
1206 1217 1335 1256 genere
1343 1229 1353 1247 ,
1362 1206 1404 1241 ad
1412 1202 1625 1253 particularia
1635 1204 1774 1241 descen-

178 1258 292 1294 dimus
301 1258 343 1293 ad
354 1258 484 1296 succos,
492 1268 567 1304 quae
575 1258 701 1292 mediae
710 1257 798 1304 quafi
808 1265 935 1292 naturae
945 1257 1020 1292 sunt
1028 1257 1116 1295 inter
1125 1255 1261 1292 metalla
1270 1255 1306 1291 ὅ(
1316 1255 1462 1302 lapides,
1470 1255 1515 1289 de
1523 1253 1646 1301 quibus
1657 1253 1690 1291 in
1703 1255 1775 1287 sub-

179 1306 395 1355 sequentibus
410 1316 563 1354 agemus.
614 1307 700 1341 Hzrc
716 1317 861 1353 corpora
879 1305 1043 1353 pleraque
1058 1307 1134 1341 sunt
1149 1304 1289 1340 friabilia
1302 1324 1313 1344 ,
1327 1304 1398 1338 hoc
1412 1302 1479 1342 est,
1495 1303 1529 1336 in
1536 1299 1776 1337 minutiffimas

56 1367 170 1405 partes
185 1356 221 1392 ὅ(
238 1355 415 1402 pulverem
426 1358 497 1388 sere
510 1353 620 1402 redigi
628 1354 754 1390 valent.
807 1354 945 1388 Horum
963 1355 1025 1390 alia
1038 1354 1159 1402 liquari
1176 1351 1331 1401 poss'unt,
1350 1350 1412 1386 alia
1426 1361 1511 1385 vero
1521 1361 1594 1384 non
1611 1362 1622 1394 3
1636 1350 1774 1384 mollio-

57 1417 93 1440 ra
106 1415 222 1440 tamen
237 1404 328 1442 sunt,
342 1403 426 1437 utin
442 1401 571 1449 lapides
585 1401 814 1442 indurescant,
864 1399 968 1438 Primi
984 1403 1120 1450 generis
1138 1402 1214 1436 sunt
1229 1401 1318 1436 succi
1332 1399 1472 1448 quidam
1490 1398 1646 1434 concreti
1664 1398 1778 1432 veluti

57 1452 97 1488 sal
113 1473 122 1489 ι
145 1454 302 1488 bitumen
316 1474 327 1491 ,
341 1450 377 1486 ὅ(
393 1450 583 1488 vitriolum.
637 1451 789 1486 Secundi
803 1450 939 1499 generis
955 1449 1030 1486 sunt
1043 1450 1354 1499 auripigmentum,
1370 1447 1573 1482 sandaracha
1586 1469 1596 1486 ,
1619 1445 1704 1485 calx,
1714 1458 1773 1493 gy-

56 1503 171 1550 psum,
186 1510 294 1537 creta,
309 1499 415 1534 ochra
429 1520 440 1537 ,
454 1497 568 1547 argilla
582 1521 592 1538 ,
607 1508 696 1534 terra
716 1498 870 1547 sigillata,
883 1508 971 1534 terra
992 1499 1144 1534 armenia
1151 1505 1218 1533 otc.
1230 1499 1273 1532 de
1288 1495 1451 1538 omnibus
1462 1494 1656 1531 differemus
1667 1495 1778 1530 brevi·

57 1548 171 1589 teu&
184 1549 219 1584 in
232 1547 386 1596 praeienti
399 1546 540 1593 quidem
551 1546 750 1594 Qaestione
766 1548 810 1581 de
825 1547 899 1581 sale.

157 1596 345 1633 Conclusio
362 1597 481 1642 prima0
531 1595 582 1630 sai
599 1595 646 1630 est
661 1607 787 1643 corpus
796 1594 1009 1630 metallicum
1019 1593 1169 1634 ,friabile
1184 1604 1226 1629 ex
1241 1591 1341 1629 succo
1352 1591 1499 1628 humido
1509 1614 1518 1631 ,
1528 1589 1639 1638 a'queo
1650 1590 1685 1626 ὅ(
1695 1589 1779 1626 cras-

59 1646 94 1680 so
110 1656 224 1681 terreo
234 1642 552 1680 mixtis&deco&is
566 1644 734 1692 genitum.
785 1643 923 1679 Volunt
938 1643 991 1678 alii
1009 1643 1108 1679 salem
1128 1644 1146 1678 51
1162 1642 1311 1677 saliendo
1329 1641 1396 1676 dici
1413 1662 1423 1680 ,
1439 1641 1535 1686 quod
1552 1641 1587 1673 in
1606 1639 1685 1688 igne
1701 1639 1783 1674 exii-

59 1694 137 1739 liat3
153 1693 209 1728 alii
225 1692 324 1728 salem
336 1691 552 1727 asalossd‘ole
569 1702 732 1727 vocatum
748 1691 940 1727 existimant
951 1715 961 1732 ,
977 1693 1144 1739 quoniam
1159 1691 1254 1738 aquis
1268 1690 1369 1725 maris
1387 1689 1507 1736 sponte
1519 1688 1688 1736 gignitur,
1706 1689 1779 1735 <pu-

60 1754 118 1778 ma
130 1743 166 1777 in
182 1740 343 1777 extremis
358 1739 530 1774 littoribus
539 1740 594 1774 vel
611 1740 757 1787 scopulis
765 1739 943 1780 derelit‘ra,
960 1740 996 1775 &
1009 1739 1091 1775 Sole
1103 1738 1259 1775 dec0&a.
1308 1737 1404 1774 Hinc
1423 1736 1520 1772 causa
1538 1734 1692 1772 efficiens
1708 1737 1780 1770 salis

60 1790 107 1826 est
121 1789 215 1826 calor
222 1787 309 1825 Solis
319 1788 355 1825 δε
372 1787 583 1835 reliquorum
594 1788 759 1824 astrorum
768 1810 779 1829 ,
795 1788 854 1836 qui
870 1799 913 1823 ex
927 1788 1066 1824 materia
1081 1787 1155 1823 salsa
1168 1797 1280 1836 partes
1289 1786 1466 1821 tenuiores
1474 1807 1483 1824 ,
1494 1783 1529 1819 ὅ(
1538 1784 1711 1820 dulciores
1720 1796 1777 1819 ex-

58 1840 216 1885 trahens,
231 1848 358 1873 terreas
375 1835 553 1883 relinquit,
569 1847 695 1884 easque
712 1848 948 1884 percoquens,
964 1837 1000 1872 ὅ(
1014 1837 1124 1885 magis
1138 1839 1287 1871 adurens
1305 1833 1396 1869 salsas
1409 1833 1535 1871 reddit.
1585 1833 1668 1867 Duo
1682 1831 1776 1867 enirn

60 1889 103 1922 ad
119 1886 234 1922 salsum
250 1885 403 1933 saporem
419 1885 655 1932 requiruntur,
673 1895 785 1933 partes
800 1883 892 1921 ficcae
902 1884 938 1920 ὅ(
953 1895 1088 1925 terrete,
1105 1884 1337 1920 &earundem
1348 1881 1493 1918 adustio,
1543 1881 1593 1915 Ex
1608 1880 1722 1928 primo
1740 1879 1779 1916 fit

61 1935 176 1984 sapor,
189 1946 232 1970 ex
241 1934 348 1969 altero
368 1932 464 1967 sirlsiis
481 1931 584 1980 sapor.
635 1933 732 1968 Hinc
746 1944 891 1968 erronea
899 1932 945 1967 est
956 1933 1093 1968 illorum
1104 1932 1286 1972 sententia,
1301 1930 1359 1979 qui
1375 1928 1475 1964 salem
1485 1928 1776 1976 concrescerepu-

61 1994 154 2024 tant,
167 1992 207 2019 ut
215 1982 324 2032 gelua
336 1981 482 2028 frigore,
499 1981 697 2029 habereque
709 1981 851 2016 similem
861 1981 906 2016 illi
921 1982 1195 2031 generationem.
1244 1980 1277 2015 Si
1294 1979 1386 2014 enim
1405 1975 1447 2012 sal
1457 1978 1474 2012 a
1484 1978 1613 2024 frigore
1621 1977 1778 2012 concres-

17 2068 20 2074 ,
63 2041 177 2072 teret,
191 2031 307 2067 calore
321 2021 574 2069 dissolveretur,
590 2031 669 2077 quia
683 2028 984 2066 celebratiffimum
995 2029 1041 2065 est
1050 2031 1141 2078 apud
1151 2039 1275 2065 omnes
1284 2026 1467 2074 physicos,
1481 2027 1499 2060 a
1516 2027 1695 2061 contrmiis
1713 2026 1776 2060 dis-

62 2079 145 2116 solvi
154 2090 228 2115 rem
266 2089 487 2125 uamcunque
501 2078 557 2117 iis,
570 2078 591 2113 ὲ
604 2078 729 2126 quibus
743 2078 923 2126 compasta
937 2077 993 2116 est.
1040 2079 1114 2125 jam
1131 2089 1214 2113 vero
1226 2076 1266 2112 sal
1276 2077 1338 2110 irre
1346 2073 1438 2110 nulla
1446 2075 1562 2109 minus
1573 2073 1773 2113 dissolvitur,

65 2140 169 2177 quam
184 2128 203 2163 a
211 2139 249 2163 ca
263 2138 334 2162 ore.
362 2127 516 2162 Siccatur
522 2126 616 2161 enim
624 2126 776 2175 magis&
786 2126 964 2162 induratur
981 2128 1022 2161 ab
1031 2127 1126 2175 igne,
1137 2124 1325 2160 diffolvitur
1335 2134 1418 2159 vero
1426 2124 1467 2157 ab
1475 2134 1562 2169 aqua
1570 2144 1581 2162 ,
1590 2132 1629 2157 ut
1636 2133 1776 2170 propte-

62 2188 121 2213 rea
140 2176 159 2212 ἃ
174 2175 360 2226 frigiditate
379 2186 454 2210 non
476 2174 740 2224 constringatur.
803 2173 947 2210 Materia
967 2175 1069 2223 igitur
1082 2174 1129 2210 est
1146 2173 1264 2209 succus
1279 2181 1410 2209 terreus
1423 2170 1561 2206 adustus
1583 2192 1594 2211 ‚
1610 2170 1646 2206 ἀ
1662 2171 1778 2206 calore

19 2257 21 2259 ,
63 2224 261 2261 exsiccatus.
277 2223 399 2258 Forma
415 2222 637 2271 estvaporum
654 2223 899 2258 exsiccatorum
911 2235 992 2258 cum
1009 2235 1096 2271 aqua
1111 2220 1310 2258 concoffio.

161 2271 350 2310 Conclufio
368 2270 525 2308 secunda.
575 2271 628 2306 Sal
643 2271 727 2306 alius
738 2271 785 2306 est
801 2271 979 2311 naturalis,
995 2271 1077 2306 alius
1093 2268 1285 2306 artificialis.
1336 2265 1437 2302 Illum
1454 2276 1575 2302 natura
1589 2265 1700 2316 gignit
1715 2289 1725 2306 ,
1741 2265 1777 2303 δε

66 2321 192 2357 dicitur
205 2319 285 2356 alias
300 2317 434 2358 fossilis,
449 2320 493 2354 de
506 2330 578 2366 quo
591 2315 805 2367 potiliimum
820 2320 876 2355 hic
891 2321 1000 2355 sermo
1010 2319 1076 2364 est;
1091 2319 1187 2355 hunc
1196 2329 1247 2353 ars
1261 2316 1359 2355 facit,
1372 2315 1409 2351 ὅ(
1420 2317 1620 2350 nominatur
1627 2314 1775 2350 rastitius

21 2377 23 2389 ³
64 2369 119 2405 vel
133 2368 265 2407 coetus.
316 2365 443 2403 Foffilis
459 2367 625 2415 reperitur
637 2367 691 2403 vel
702 2368 849 2407 interra,
863 2368 916 2405 vel
933 2378 1025 2403 extra
1039 2377 1175 2403 terram.
1227 2366 1266 2401 In
1280 2374 1369 2400 terra
1384 2374 1540 2411 repertus
1555 2371 1614 2398 aut
1635 2364 1778 2398 caeditur

65 2419 101 2454 in
116 2418 312 2456 montibus,
326 2416 380 2452 vel
392 2417 412 2451 e
426 2416 555 2464 campis
563 2414 744 2455 effoditur,
760 2416 869 2451 arenis
886 2438 896 2456 ,
911 2417 1035 2464 quibus
1050 2416 1178 2464 tegitur
1191 2435 1202 2454 ,
1215 2414 1308 2462 prius
1322 2412 1479 2448 remotis.
1530 2411 1630 2446 Extra
1651 2421 1777 2447 terram

23 2478 24 2481 ¹
66 2475 221 2515 repertus
238 2464 405 2501 effoditur
419 2474 462 2499 ex
475 2464 591 2511 aquis,
605 2463 640 2499 ὅ(
650 2464 836 2500 diciturvel
849 2463 1003 2504 fontalis,
1020 2464 1161 2511 quando
1176 2463 1292 2498 sontes
1305 2459 1468 2502 autrivuli
1479 2482 1489 2500 ,
1501 2458 1615 2495 calore
1623 2459 1711 2495 Solis
1720 2470 1779 2496 ex-

66 2515 178 2550 siccati
191 2514 228 2549 in
246 2513 346 2550 salem
360 2522 612 2550 convertuntur
626 2524 638 2557 3
650 2512 705 2547 vel
720 2511 863 2548 fluvialis
874 2535 884 2553 ,
899 2513 1040 2560 quando
1055 2510 1179 2547 fluvius
1187 2510 1305 2558 aliquis
1313 2516 1468 2544 ramenta
1482 2508 1549 2543 sert
1560 2527 1573 2547 ,
1586 2518 1662 2555 quae
1678 2506 1714 2543 in
1732 2507 1777 2543 sa-

23 2596 27 2605 ,
66 2562 136 2598 lem
151 2561 334 2599 densantur
347 2573 359 2606 3
373 2561 428 2597 vel
441 2560 596 2609 stagnans
609 2561 629 2595 ἐι
644 2560 785 2610 stagnis,
800 2571 875 2608 quae
891 2560 956 2596 sale
970 2559 1110 2596 aestuant
1125 2571 1137 2606 ;
1154 2558 1209 2595 vel
1223 2558 1374 2611 denique
1388 2555 1545 2592 Marinus
1558 2577 1568 2596 ,
1585 2557 1726 2603 quando
1742 2556 1778 2593 in

25 2655 27 2658 Α
66 2619 229 2655 extremis
245 2617 419 2654 littoribus
435 2616 549 2652 tenuis
565 2616 704 2663 quidam
716 2615 756 2651 sal
774 2616 945 2664 gignitur,
961 2627 1066 2663 quem
1077 2613 1300 2651 Dioscorides
1317 2602 1411 2647 αλός
1430 2603 1568 2653 σῖλμην
1583 2621 1697 2648 vocat.
1713 2611 1779 2648 Pli-

29 2668 30 2672 ’
67 2668 146 2703 nius
161 2666 314 2714 spumam
330 2663 757 2712 interpretatur3juniores
771 2664 841 2700 salis
855 2664 1010 2712 spumam
1028 2664 1223 2701 nominant,
1274 2660 1328 2697 Sal
1344 2672 1427 2696 vero
1437 2660 1558 2696 coetus
1575 2658 1614 2695 fit
1623 2671 1665 2695 ex
1673 2661 1781 2707 aquis,

25 2742 28 2749 .
68 2716 123 2751 vel
138 2713 297 2753 marinis,
310 2712 502 2748 fluvialibus
516 2734 528 2753 ,
542 2711 740 2748 lacustribus
754 2735 765 2752 ,
782 2711 864 2748 salsis
880 2712 1033 2748 fontanis
1046 2734 1057 2752 ,
1070 2711 1263 2760 putealibus
1277 2732 1288 2749 ,
1300 2709 1353 2745 vel
1370 2709 1471 2744 etiam
1485 2719 1528 2743 ex
1540 2708 1649 2743 muria
1665 2709 1781 2744 nativa

67 2763 240 2804 fontium,
259 2770 298 2797 ut
311 2762 348 2797 in
356 2760 465 2796 Hallis
477 2761 652 2802 Saxoniae‚
669 2762 703 2796 in
718 2761 837 2797 Salinis
844 2760 1045 2809 Thuringiae
1058 2782 1069 2801 ,
1083 2757 1207 2795 Haffiae
1222 2781 1233 2800 ,
1248 2757 1391 2794 Austriae
1404 2779 1415 2798 ,
1431 2757 1548 2803 Styriae
1568 2778 1578 2796 ,
1604 2755 1641 2791 ὅ(
1667 2756 1778 2803 Tyro-

8 2827 12 2837 2
68 2810 120 2847 lis.

167 2856 357 2895 Conclusio
370 2857 480 2893 tertia.
531 2856 587 2892 Sal
601 2854 718 2892 fossilis
728 2865 877 2904 quatuor
885 2852 1099 2904 potislimum
1113 2854 1240 2903 species
1251 2861 1422 2892 numerat,
1431 2863 1558 2899 nempe
1569 2852 1663 2896 silem
1670 2863 1784 2885 ammo-

29 2939 30 2942 ,
68 2912 209 2947 m'acum,
218 2906 328 2942 Salem
337 2908 479 2945 Gemma,
494 2903 595 2940 salem
604 2908 735 2938 Nitrum
745 2906 935 2942 &India-um.
955 2904 1007 2940 Sal
1015 2908 1233 2940 Ammoniacus
1246 2901 1293 2937 est
1303 2901 1343 2936 sal
1360 2898 1477 2936 soffilis
1492 2897 1714 2934 amarissimus
1726 2900 1784 2934 sub

29 2959 32 3000 ζ
70 2966 174 2991 arena
186 2950 416 2989 ardentissima
427 2953 463 2988 in
480 2953 671 3000 Cyrenaica
689 2963 824 2992 erutus,
840 2954 933 2987 unde
944 2953 1045 2987 etiam
1061 2950 1273 2998 Cyrenaicus
1290 2949 1425 2985 dicitur.
1487 2949 1666 2995 Salgemmae
1680 2947 1726 2982 est
1742 2946 1785 2981 sal

29 3016 33 3020 ·
70 3001 190 3039 foffilis
205 3003 225 3038 ὃ
237 3001 365 3038 fodinis
379 3000 663 3048 erutus,crystalli
678 3001 711 3035 in
723 3012 857 3036 rnorem
874 3000 1086 3035 translucens
1103 2999 1326 3034 &candidus
1375 2996 1429 3032 Sal
1447 3001 1560 3029 nitrum
1577 2995 1630 3030 seu
1643 3001 1786 3042 petrosum

25 3056 32 3095 „¹
74 3051 139 3091 est,
154 3051 252 3099 quod
265 3060 309 3085 ex
322 3048 507 3097 coagulato
522 3049 672 3083 humore
688 3049 723 3083 in
747 3049 831 3084 locis
856 3048 1077 3084 subterraneis
1091 3046 1244 3082 humidis
1259 3045 1359 3080 instar
1375 3045 1480 3079 Stiriae
1498 3043 1581 3077 salsiae
1595 3044 1788 3090 dependet,

16 3097 33 3139 l}
63 3097 383 3148 .autinstarsi·igoris
398 3096 572 3146 congelati
582 3097 617 3132 in
627 3097 810 3144 parietibus
819 3097 916 3136 nitet.
966 3095 1084 3131 Hodie
1096 3095 1198 3130 etiarn
1207 3103 1278 3129 arte
1286 3093 1428 3129 Nitrum
1437 3091 1619 3140 colligitur.
1644 3091 1786 3125 Sallu-di.

949 3144 963 3178 Ι
977 3144 989 3178 i
1731 3151 1783 3171 cus
