2054 3496
669 203 1239 279 Philosophico—Politica.
1717 215 1809 278 187

179 288 370 325 Conclusio
388 287 547 324 secunda.
596 286 755 324 Flumina
763 288 918 326 minora,
935 286 984 321 uti
999 285 1035 321 &
1050 284 1330 334 plurimifonte5‚
1345 284 1505 321 oriuntur
1515 285 1663 335 exaquis
1677 286 1807 336 pluvia.

80 335 170 373 libus
236 338 336 372 Ratio
354 337 417 376 est,
434 336 513 382 quia
522 346 662 372 montes
677 359 688 376 ,
702 346 828 384 utpote
836 336 895 384 qui
911 334 1233 370 habentmaximam
1252 332 1466 381 superficiem
1481 355 1491 373 ‚
1508 345 1551 369 ex
1566 335 1688 382 pluviis
1701 349 1741 373 ac
1755 339 1808 375 ni.

81 386 181 421 vibus
192 387 336 421 ebibunt
351 397 411 433 per
420 393 594 431 aperturas
605 384 641 420 ὃ(
653 385 792 420 rimulas
807 384 958 419 multum
972 393 1068 431 aquae
1083 404 1093 422 ‚
1110 382 1234 430 quibus
1244 391 1333 418 terra
1347 381 1510 417 madescit
1526 383 1675 432 spongiae
1689 384 1809 435 instar3

78 432 195 482 fiergo
204 434 278 470 talis
287 446 374 481 aqua
390 433 506 469 calore
520 433 660 468 interno
677 443 774 468 terrae
791 432 946 468 elevetur
959 431 994 466 in
1009 442 1176 478 vaporem
1190 452 1200 470 a
1218 430 1254 466 ὅ(
1268 431 1286 465 a
1300 432 1608 467 concameratione
1629 435 1807 472 montium

77 493 225 530 vapores
238 482 426 528 refrigerati
440 491 656 517 revertantur
664 481 699 517 in
707 493 832 530 aquam
841 503 851 521 ‚
868 489 1036 528 poterunt
1045 479 1125 514 oriri
1134 476 1277 515 flumina
1285 479 1438 519 minora,
1447 479 1484 514 δε
1492 480 1608 515 fontes
1617 482 1720 516 etiam
1731 495 1808 531 per-

79 540 190 566 ennes
199 554 208 570 ‚
225 532 267 565 eo
284 531 380 579 quod
390 541 569 578 nunquam
579 529 803 567 consumatur
812 528 954 565 materia
963 539 1133 576 vapor-um
1143 549 1153 566 2
1162 536 1348 574 antequam
1357 528 1375 562 a
1384 528 1484 563 novis
1492 528 1616 576 pluviis
1628 529 1662 565 ὅ(
1671 531 1808 569 nivibus

76 591 171 614 nova
187 581 327 614 materia
346 577 626 615 subministretur.
678 578 863 614 Secundo:
881 579 992 625 Aquae
1007 575 1175 624 pluviat&
1186 576 1314 611 nivales
1325 576 1533 612 delabuntur
1541 588 1602 625 per
1615 578 1756 615 rimulas
1771 581 1809 619 <Sc

77 637 215 663 meatus
231 629 320 662 inter
338 627 426 666 saxa,
443 626 547 662 &ubi
563 627 692 663 deinde
701 627 832 662 aditum
848 625 1033 661 inveniunt
1045 647 1055 664 ‚
1070 634 1268 672 erumpunt.
1321 625 1416 660 Hinc
1435 624 1483 661 est
1496 647 1505 664 2
1521 627 1617 674 quod
1632 627 1733 664 multi
1745 629 1810 668 fint

76 676 195 711 fontes
206 677 296 711 circa
314 676 489 710 montium
504 675 626 716 latera,
642 686 718 723 quae
726 675 855 722 hyeme
870 672 1121 721 fluummagis,
1138 684 1241 720 quam
1257 672 1386 713 aestate,
1401 672 1437 709 ὅ(
1454 673 1475 708 s1
1490 675 1672 722 tempestas
1688 676 1726 713 fit
1738 679 1808 715 val-

75 724 213 760 delicca
224 747 234 764 ,
253 723 420 760 deficiunt
436 724 598 760 omnino.
649 725 783 761 Eodem
792 722 893 770 paCto
903 721 992 757 fiunt
1006 720 1235 769 saepelacusin
1250 722 1389 757 summis
1399 722 1597 764 montibus,
1610 727 1694 760 dum
1711 738 1809 774 aquae

78 784 123 808 ex
131 773 254 820 pluviis
265 773 299 808 ὃ(
309 773 444 807 nivibus
461 771 649 807 confluunt
663 773 700 807 in
713 771 863 819 aliquem
879 771 999 806 locum
1015 781 1213 806 concavum
1226 793 1236 810 ,
1259 768 1358 818 cujus
1372 771 1502 806 fundus
1516 771 1553 806 fit
1567 783 1610 807 ex
1624 773 1739 823 argilla
1752 776 1809 813 vel

76 821 268 861 bitumine,
279 831 382 869 atque
399 822 489 856 adeo
509 821 690 857 contineat
698 831 838 869 aquam·
891 819 1057 866 Denique
1069 830 1143 853 non
1160 828 1214 853 tot
1222 818 1376 855 visuntur
1388 817 1531 855 flumina
1546 819 1581 856 δε
1596 822 1732 864 fontes,
1748 825 1809 861 ubi

77 870 143 906 rari
155 870 364 906 luntimbres
374 892 384 909 a
394 879 433 905 ut
447 869 481 904 in
490 869 676 918 AEtbiopiae
685 868 944 908 solitudinibus,
959 867 1171 903 &interiore
1185 867 1316 907 Africa,
1330 867 1472 914 aliisque
1489 868 1636 910 inlocis‚
1653 883 1730 921 quae
1744 873 1808 908 So.

75 918 116 953 lis
125 919 249 954 ardore
264 928 463 963 torrentur,
477 928 599 954 contra
613 929 698 953 vero
718 916 923 956 Germania,
933 915 1087 952 Gallia&
1101 915 1194 950 Italia
1202 916 1281 951 rivis
1297 916 1333 952 ὃς
1349 915 1551 952 fluminibus
1567 917 1713 960 scatent,
1729 922 1809 970 quia

74 967 226 1002 humido
247 967 436 1002 irrorantur
447 965 552 1001 coelo.
605 967 688 1002 Huc
696 965 813 1001 referri
827 964 940 1013 potest
956 964 1039 1000 illud
1052 987 1062 1004 ,
1079 965 1176 1012 quod
1191 963 1304 1000 scribit
1320 962 1536 1001 doetiffimus
1551 966 1745 1005 Gaffendus
1763 971 1809 1008 de

77 1015 300 1050 incremento
319 1015 393 1052 Nili
407 1025 476 1049 ram
492 1014 698 1054 admirabili,
709 1026 837 1063 nempe
848 1013 936 1048 illius
951 1012 1085 1049 causam
1102 1024 1175 1047 non
1191 1012 1290 1049 aliam
1306 1013 1372 1049 esse
1386 1036 1396 1053 2
1418 1016 1521 1061 quam
1531 1015 1661 1064 pluvias
1674 1040 1684 1058 ,
1700 1030 1776 1067 quae
1789 1020 1810 1057 a

74 1064 195 1099 medio
206 1064 454 1111 circiterJunio
464 1064 506 1098 ad
515 1064 755 1112 Septembrem
771 1074 900 1112 usque,
917 1062 1038 1109 vigent
1053 1062 1086 1096 in
1096 1062 1286 1109 AEthiopia.
1339 1063 1446 1098 Unde
1455 1075 1529 1099 non
1544 1066 1694 1101 omnino
1704 1067 1809 1104 etiam

75 1112 311 1159 improbabilis
326 1112 374 1147 est
390 1123 512 1148 eorum
530 1113 670 1160 opinio,
689 1112 748 1160 qui
763 1111 884 1147 dicunt
893 1109 958 1146 effe
968 1112 1002 1144 in
1012 1120 1101 1145 terra
1115 1111 1278 1146 cavitates
1294 1110 1330 1146 <Sc
1345 1110 1463 1146 alveos
1477 1115 1667 1161 quosdam,
1682 1116 1809 1166 quibus

73 1161 202 1197 imbres
211 1161 426 1208 excipiantur
436 1183 446 1199 ‚
455 1170 558 1208 atque
575 1161 749 1196 dimanare
764 1171 805 1195 ex
824 1159 887 1195 illis
902 1160 1019 1194 fontes
1028 1159 1170 1206 quidam
1180 1159 1214 1195 ὅ(
1225 1158 1368 1197 flumina
1378 1159 1525 1197 minora.

171 1208 362 1246 Conclufio
371 1209 482 1246 tertia.
524 1207 659 1255 Majora
668 1219 786 1244 tamen
796 1206 952 1247 flumina,
962 1208 1204 1255 obelioresque
1214 1208 1331 1244 fontes
1344 1208 1380 1244 ὃς
1392 1208 1614 1259 scaturigines
1624 1222 1667 1247 ex
1675 1211 1805 1260 pluvia.

73 1268 153 1293 rum
168 1258 336 1294 effusione
347 1258 513 1293 duntaxat
522 1257 611 1294 nasci
625 1269 698 1293 non
707 1256 802 1304 poffu
809 1267 856 1291 nt.
910 1257 1010 1292 Ratio
1022 1255 1096 1291 estr.
1107 1257 1185 1304 quia
1195 1256 1288 1292 nulla
1302 1257 1374 1293 fere
1390 1257 1506 1305 pluvia
1515 1269 1586 1294 tam
1605 1271 1732 1310 magna
1748 1261 1807 1304 est,

72 1315 120 1342 ut?
129 1316 256 1342 terram
272 1306 360 1342 ultra
369 1308 494 1342 decem
513 1307 620 1354 pedes
634 1306 669 1341 in
684 1305 902 1342 altitudinem
925 1304 1131 1340 madefaciat
1145 1317 1156 1350 3
1173 1305 1229 1340 sed
1252 1305 1404 1354 superior
1417 1316 1515 1342 terrae
1530 1319 1606 1355 pars
1622 1321 1749 1358 magna
1764 1322 1808 1348 ex

72 1366 171 1403 parte
185 1366 286 1391 terrae
302 1355 490 1390 humorem
508 1354 614 1391 ebibit
630 1377 640 1395 a
658 1354 936 1404 &utpiurimum
950 1365 1012 1401 per
1029 1362 1202 1389 torrentes
1218 1353 1368 1391 effundit
1385 1355 1420 1390 in
1430 1353 1566 1394 fluvios.
1617 1369 1647 1392 2.
1663 1357 1808 1397 Plurimi

72 1403 94 1438 e
103 1401 287 1439 durissimis
303 1402 386 1438 laxis
398 1412 586 1450 erumpunt
600 1404 735 1443 fontes2
752 1403 811 1450 qui
825 1401 962 1438 colleffl
974 1413 1015 1437 ex
1024 1402 1189 1438 imbribus
1207 1402 1274 1437 effe
1283 1415 1356 1438 non
1366 1403 1517 1451 poliunt,
1528 1406 1610 1441 cum
1619 1418 1744 1455 aquam
1754 1407 1806 1443 so.

71 1450 139 1487 lida
149 1451 221 1487 saxa
237 1464 311 1487 non
322 1452 450 1488 bibant.
501 1464 524 1493 ς.
536 1451 629 1498 Qia
638 1451 767 1487 inlocis
775 1452 969 1485 admodum
981 1450 1075 1486 siccis
1084 1451 1179 1497 putei
1189 1463 1250 1498 per
1259 1452 1454 1487 ducentum
1469 1463 1528 1489 aut
1537 1455 1736 1491 trecentum
1745 1468 1806 1504 pe.

72 1501 158 1536 dum
173 1501 274 1548 spatia
289 1500 324 1536 in
337 1500 444 1535 altum
462 1499 589 1540 effoffi,
607 1499 791 1535 inveniunt
808 1511 973 1546 aquarum
990 1499 1108 1535 obesas
1123 1511 1229 1534 venas
1244 1500 1280 1535 in
1296 1512 1335 1535 ea
1352 1501 1594 1549 profunditate
1606 1526 1616 1544 ,
1640 1504 1683 1539 ad
1699 1516 1806 1552 quam

69 1549 254 1597 pluviatilis
264 1549 395 1584 humor
405 1560 477 1584 non
488 1549 664 1596 pervenit,
681 1548 831 1597 utpaulo
847 1558 928 1584 ante
942 1547 1088 1586 dietum.
1142 1548 1324 1597 Denique,
1341 1559 1382 1584 ut
1396 1551 1488 1586 bene
1500 1551 1658 1588 observat
1674 1553 1805 1589 Aristo.

70 1597 158 1633 teles
168 1621 177 1638 ‚
190 1598 329 1634 videtur
344 1594 551 1645 impollibile
565 1596 632 1632 effe
644 1620 654 1637 ,
669 1607 800 1633 tantam
814 1620 824 1637 ,
840 1607 983 1645 tamque
995 1597 1177 1647 ingentem
1192 1598 1351 1646 quotidie
1368 1598 1403 1634 ὅ(
1420 1599 1646 1638 continenter
1663 1600 1805 1641 fluentis

70 1658 170 1695 aquae
190 1646 328 1693 copiam
344 1657 387 1682 ex
400 1646 567 1682 imbribus
583 1648 750 1681 duntaxat
767 1647 937 1694 generari.

170 1693 362 1731 Conclusio
378 1704 507 1742 quarta.
556 1695 645 1730 Non
661 1694 888 1743 improbabile
903 1693 968 1734 est,
989 1693 1122 1742 aliquos
1141 1694 1258 1730 fontes
1269 1695 1372 1731 etiam
1381 1698 1804 1746 perenne5‚uti&mino.

70 1754 108 1779 ra
122 1741 265 1778 flumina
275 1765 284 1782 ,
294 1742 375 1777 oriri
384 1753 426 1777 ex
434 1748 513 1778 aere
526 1743 710 1791 vaporibus
719 1744 753 1778 in
763 1755 886 1793 aquam
903 1743 1092 1782 convenis,
1103 1743 1191 1779 intra
1207 1743 1296 1779 finus
1307 1754 1404 1780 terrae
1413 1747 1460 1781 ob
1469 1746 1693 1795 frigiditatem
1702 1760 1803 1785 nem-

69 1802 114 1840 pe
130 1791 222 1826 istius
231 1791 302 1827 loci
316 1790 508 1826 addensatis
516 1814 526 1831 ,
542 1803 617 1839 quae
627 1792 755 1828 deinde
764 1804 851 1840 aqua
862 1792 897 1826 in
908 1803 1018 1826 unum
1028 1791 1179 1840 aliquem
1189 1792 1304 1828 lacum
1314 1795 1532 1841 capaciorem
1544 1795 1579 1831 ὅ(
1590 1795 1803 1834 subterrane.

69 1851 130 1876 um
150 1840 289 1888 specum
306 1839 432 1880 fertur,
449 1850 518 1874 tam
530 1841 589 1875 diu
600 1840 637 1875 in
649 1841 777 1876 eodem
795 1850 1039 1880 commotam,
1055 1839 1376 1877 donecacceffione
1391 1844 1599 1880 continente
1612 1843 1746 1892 majore
1754 1848 1803 1883 fa.

70 1888 213 1925 &aloco
225 1888 342 1936 aliquo
352 1898 556 1935 opportuno
573 1899 743 1937 erumpat,
751 1889 796 1924 ita
806 1891 912 1924 docet
922 1888 1120 1925 Aristoteles
1129 1899 1243 1928 umet.
1251 1901 1276 1935 3.
1298 1890 1401 1926 Ratio
1416 1891 1495 1931 ostri
1512 1893 1590 1941 quia
1599 1894 1716 1930 multae
1727 1895 1803 1932 sub-

70 1947 236 1973 terraneae
245 1937 371 1972 dantur
379 1947 505 1984 cryptae
514 1959 524 1977 ‚
541 1937 575 1972 in
586 1938 710 1985 quibus
719 1943 775 1973 aer
784 1937 819 1974 ὅ(
830 1948 975 1986 vapores
991 1938 1026 1972 in
1035 1949 1158 1986 aquam
1168 1940 1328 1974 converti
1337 1938 1492 1987 possunt,
1502 1943 1644 1989 quando
1660 1942 1801 1991 possunt

69 1985 172 2033 aliqui
187 1986 304 2021 fontes
316 1985 404 2020 exiis
414 1987 586 2020 continuo
603 1985 772 2023 scaturire.
831 1987 872 2022 Et
887 1985 1141 2022 confirmatura
1158 1988 1227 2034 pari
1245 2001 1253 2023 ι
1269 1987 1312 2023 sic
1325 1989 1486 2025 videmus
1494 1996 1610 2026 aerem
1619 1993 1662 2027 ad
1671 1992 1799 2030 vitreas

0 2066 13 2088 y.
67 2033 229 2070 fenestras
245 2034 468 2073 condensari,
484 2034 520 2070 ὅ(
531 2035 673 2069 tandem
684 2035 718 2070 in
726 2035 879 2083 guttulas
889 2046 986 2083 aquae
1002 2034 1142 2076 resolvi,
1157 2036 1202 2071 ita
1216 2045 1255 2072 ut
1270 2037 1353 2073 hinc
1369 2049 1443 2073 non
1458 2038 1535 2074 raro
1551 2039 1722 2076 interram
1739 2042 1799 2077 de-

69 2081 171 2124 fluat,
181 2094 267 2132 ergo
286 2083 379 2118 idem
397 2081 471 2117 fieri
487 2084 618 2131 poterit
629 2083 662 2118 in
674 2083 840 2131 specubus
850 2083 1090 2123 subterraneis,
1106 2085 1164 2132 qui
1177 2084 1337 2121 alembici
1353 2086 1554 2123 distillatorii
1570 2098 1729 2125 naturam
1738 2090 1800 2127 ha-

11 2178 13 2180 v
67 2132 162 2167 bent.
213 2144 244 2169 2.
259 2130 429 2167 Probatur
437 2131 629 2168 Conclusio
638 2132 754 2180 exipssi
769 2133 855 2168 aeris
871 2133 1008 2172 natura,
1023 2132 1174 2180 quicum
1190 2133 1365 2170 fitcalidus
1381 2135 1594 2172 &humidus
1606 2136 1726 2174 amiffo
1740 2150 1798 2176 ca.

65 2180 142 2217 lore
152 2180 366 2215 humiditatis
378 2179 534 2226 symbolo
543 2181 710 2218 convenit
718 2193 798 2217 cum
808 2193 913 2229 aqua,
927 2181 1016 2217 &ita
1029 2181 1129 2218 facile
1143 2181 1178 2216 in
1194 2193 1271 2217 eam
1291 2193 1456 2219 mutatur.
1504 2196 1531 2231 3.
1545 2185 1743 2223 Absurdum
1761 2199 1798 2224 e-

69 2229 153 2264 tiam
165 2227 229 2267 est,
247 2228 424 2276 utinquit³
440 2240 513 2263 non
523 2240 566 2264 ex
577 2230 699 2264 eadem
709 2229 806 2265 causa
820 2231 855 2265 in
864 2240 953 2265 terra
961 2230 1040 2265 oriri
1049 2229 1144 2276 poss'e
1156 2242 1279 2277 aquam
1288 2254 1300 2270 ‚
1315 2242 1358 2267 ex
1373 2244 1441 2280 qua
1455 2231 1554 2281 super
1568 2243 1694 2272 terram
1711 2235 1747 2272 ὅ(
1761 2237 1799 2274 in

67 2283 146 2313 aere
155 2277 276 2312 oritur.
327 2288 363 2322 4.
378 2277 522 2312 demum
532 2299 542 2317 ‚
558 2279 656 2324 quod
672 2277 880 2326 plerumque
889 2290 931 2313 ex
945 2279 1124 2314 montibus
1135 2278 1410 2327 conspiciantur,
1428 2283 1546 2330 egredi
1559 2283 1677 2320 fontes
1687 2283 1797 2322 &flu-

13 2355 15 2357 .
65 2326 179 2366 mina,
196 2336 280 2374 ergo
291 2324 430 2374 signum
448 2325 493 2360 est
504 2326 592 2361 intra
606 2325 863 2368 finusillorum,
881 2327 952 2362 dari
967 2339 1133 2375 aquarum
1147 2329 1414 2376 generationem
1430 2341 1473 2365 ex
1486 2333 1672 2380 vaporibus
1689 2333 1797 2370 colle-

67 2373 139 2410 ἑὶίε.
190 2374 296 2409 Unde
309 2373 412 2421 aliqui
425 2385 499 2409 non
516 2375 632 2422 inepte
645 2385 786 2411 montes
801 2375 1041 2414 contendunt,
1059 2385 1098 2411 ut
1112 2375 1216 2424 paulo
1231 2386 1313 2412 ante
1328 2379 1574 2415 annotavimus
1587 2404 1598 2421 ‚
1613 2380 1679 2416 effe
1692 2381 1795 2419 instar

66 2422 243 2462 alembici,
261 2422 318 2458 ubi
333 2433 479 2469 vapores
488 2422 738 2458 asubterraneis
748 2424 885 2472 ignibus
894 2423 1114 2472 suppositisin
1122 2424 1230 2460 altum
1240 2425 1380 2468 elevati,
1393 2427 1657 2478 refrigerantur,
1671 2432 1797 2470 tamab

64 2471 321 2507 internalorma
334 2482 448 2519 aquae,
464 2483 567 2519 quam
578 2472 595 2506 a
611 2472 756 2508 naturali
769 2473 899 2522 frigore
913 2473 1082 2509 saxorum.

14 2522 16 2569 J
164 2519 355 2556 Conclusio
371 2520 501 2566 quinta.
554 2521 610 2556 De
618 2521 783 2557 omnibus
791 2532 908 2557 tamen
924 2522 1079 2557 fontibus
1089 2521 1125 2557 ὅ(
1139 2520 1341 2558 fluminibus
1355 2522 1544 2571 majoribus
1558 2527 1626 2564 dici
1641 2539 1716 2565 non
1729 2540 1795 2578 po.

16 2596 19 2601 .
64 2568 145 2608 test,
161 2580 200 2604 ea
208 2579 251 2604 ex
259 2567 564 2616 aere&vaporein
574 2581 697 2616 aquam
718 2570 832 2606 solutis
841 2571 948 2619 gigni.
1000 2571 1102 2607 Ratio
1112 2570 1175 2612 est,
1189 2571 1268 2618 quia
1276 2581 1370 2609 tanta
1378 2573 1570 2611 multitudo
1578 2588 1747 2626 aquarum
1756 2578 1795 2616 in

13 2621 15 2624 ⁴
64 2617 225 2653 fontes&
242 2615 367 2653 fluvios
376 2617 462 2657 abit,
479 2627 518 2654 ut
526 2618 583 2653 vix
592 2616 747 2655 sufficere
757 2618 802 2654 illi
817 2619 927 2668 poffet
935 2619 1084 2655 maxima
1097 2630 1173 2668 pars
1182 2620 1284 2660 δἐι-ῖς,
1300 2622 1485 2669 praelertim
1505 2635 1587 2660 cum
1603 2630 1661 2660 aer
1669 2637 1794 2674 parum

64 2666 101 2702 in
118 2665 150 2702 se
165 2676 262 2714 aquae
271 2664 306 2701 &
314 2676 411 2701 terra:
420 2676 615 2704 convertat.
667 2667 762 2704 Hinc
771 2669 813 2703 ad
822 2680 962 2716 parvam
977 2679 1074 2716 aquae
1083 2668 1312 2717 quantitatem
1321 2673 1573 2718 procreandam
1592 2673 1706 2710 multo
1715 2675 1792 2723 plu-

17 2717 20 2743 ἶ
64 2725 120 2750 res
134 2714 216 2750 aeris
231 2724 344 2761 partes
359 2713 435 2750 sunt
448 2713 652 2751 necessariae.
702 2728 733 2752 2.
750 2717 790 2753 In
799 2717 1006 2764 quibusdam
1015 2717 1216 2765 regionibus
1234 2719 1357 2754 ardore
1366 2718 1455 2754 Solis
1470 2721 1631 2767 perustis,
1646 2723 1793 2770 ubiper-

17 2782 19 2784 -
63 2763 188 2811 exigua
203 2762 430 2810 estvaporum
450 2764 570 2812 copia,
589 2763 747 2805 flumina,
764 2766 951 2814 fontesque
968 2766 1184 2802 exoriuntur.
1250 2777 1274 2811 3.
1299 2766 1455 2815 Qidam
1475 2767 1579 2810 ,ufluvii
1599 2770 1796 2820 ampliffimi

64 2810 157 2852 sunt,
171 2823 204 2848 v.
215 2824 247 2859 g.
261 2809 386 2847 fluvius
396 2811 664 2861 Maragnonius‚
679 2825 785 2862 quern
794 2812 891 2862 ajunt
909 2826 1099 2850 exonerare
1115 2815 1147 2849 se
1162 2815 1197 2849 in
1206 2825 1301 2851 mare
1316 2826 1378 2863 per
1391 2816 1515 2853 ostium
1530 2828 1588 2864 70.
1602 2818 1719 2856 leucas
1733 2832 1794 2868 pa.

65 2867 154 2895 tens.
205 2859 279 2895 Nili
293 2858 389 2896 fluvii
407 2859 541 2896 vastitas
559 2861 694 2898 constat
715 2873 758 2899 ex
773 2863 1015 2912 magnitudine
1029 2863 1198 2899 ostiorum
1214 2861 1288 2909 ejus
1301 2886 1311 2903 ‚
1327 2875 1403 2912 quae
1417 2865 1495 2902 sunt
1509 2865 1638 2914 septem
1653 2878 1713 2904 aut
1725 2880 1794 2905 no-

63 2919 161 2948 vem,
174 2908 231 2944 vel
255 2918 294 2943 ut
311 2909 358 2945 ait
376 2910 547 2944 Guz'lielmus
563 2913 668 2960 Tyrius
681 2933 692 2950 ‚
711 2921 862 2961 quatuor
878 2921 1034 2952 tantum,
1050 2911 1107 2948 sed
1123 2912 1168 2948 ita
1184 2912 1393 2959 grandia‚ut
1405 2913 1666 2952 videantur-effe
1679 2917 1798 2960 maria,

63 2956 281 3042 ῐῗὶεςρέιεα,
296 2966 402 3043 atquc}
411 2958 616 3043 acdieostotius
623 2959 696 2997 fere
709 2961 834 2998 mundi
849 2966 923 3003 aer,
937 2961 972 2998 ὅ(
981 2972 1089 3010 vapor
1098 2961 1142 2996 ad
1157 2961 1286 2998 horum
1303 2963 1569 3010 generationem
1583 2963 1797 3006 insufficiens

65 3016 85 3042 e
113 3016 132 3042 e
149 3017 182 3041 vi
211 3015 317 3049 eatur.
406 3018 428 3041 n
455 3018 474 3044 e
500 3016 536 3045 it.

903 3160 964 3197 Aa
986 3171 1009 3199 2
1691 3158 1796 3207 Com
