2054 3496
260 145 358 212 146
916 140 1277 212 Meteorologia

262 232 368 269 caepta
381 222 413 254 in
423 219 587 267 grandem
597 218 688 266 prius
699 217 830 253 molem
841 219 1054 259 concrescat,
1073 221 1187 254 donec
1203 219 1352 254 radicem
1368 219 1498 253 montis
1513 218 1666 265 attingat.
1715 216 1806 252 Talis
1815 216 1969 252 eDolfri-

263 271 399 304 niorum
411 267 586 302 montibus
600 265 688 313 lapsu
699 268 820 301 urbem
836 268 1002 314 integram
1019 267 1321 315 obtrivill'elegitur
1330 269 1420 313 apud
1432 266 1767 310 Olaumlib.19.c.15.
1818 267 1969 300 InCam-

262 319 383 353 bizcna
399 316 480 362 l'aepe
496 316 614 362 {ponte
632 315 662 349 se
677 316 722 349 ita
738 316 795 349 nix
811 315 1016 351 emontibus
1033 316 1179 351 decidua
1189 315 1303 350 senlim
1321 314 1533 363 agglomerat
1545 337 1555 354 ,
1571 325 1609 349 ut
1624 314 1771 363 integras
1786 314 1973 349 hominum

264 375 414 401 catervas
431 364 691 400 obruat.Strabo
702 363 756 397 lib.
773 374 810 399 ιι.

362 414 506 459 Ωυιωᾙε
529 411 642 445 tertio.
693 411 768 446 Cur
782 411 817 445 in
835 412 1028 459 Nowegia,
1045 411 1080 446 ὅ(
1097 410 1168 446 aliis
1184 411 1399 460 Regionibus
1421 409 1739 458 septentrionalibus
1754 432 1764 449 ,
1787 420 1862 457 quae
1884 410 1974 456 pene

265 463 397 508 semper
413 459 602 494 vcstiuntur
618 459 926 506 nivibus,lepores,
937 460 997 494 urii
1013 482 1022 499 ,
1037 459 1130 494 cervi
1146 481 1156 499 ,
1171 459 1206 496 ὃ(
1221 459 1341 507 vulpes
1359 458 1442 506 liepe
1456 459 1518 494 lint
1531 459 1596 494 albi
1614 459 1625 492 ἓ
1654 458 1862 505 Respondeo
1877 468 1887 495 2
1910 458 1975 492 Ra-

266 511 400 545 tionem
419 508 500 547 else,
516 520 588 541 non
605 508 683 554 quia
703 507 886 554 pascuntur
902 509 1054 547 nivibus,
1070 518 1108 542 ut
1124 508 1263 555 quidam
1278 507 1421 546 volunt,
1436 507 1491 542 sed
1500 507 1577 554 quia
1592 529 1601 544 ,
1620 507 1700 541 cum
1710 508 1975 554 peneperpetuo

265 559 405 592 videant
427 557 538 591 nives,
554 567 597 590 ex
610 567 726 590 earum
743 555 989 604 imaginatione
1002 556 1205 603 concipiunt
1220 556 1316 592 fimus
1331 555 1426 590 albos
1440 566 1502 594 ,eo
1523 555 1624 603 pacto
1640 577 1649 593 ,
1673 566 1744 602 quo
1767 565 1852 588 oves
1867 554 1975 600 Jacob

267 618 310 641 ex
326 605 458 652 aspecstu
468 605 640 652 virgarum
655 604 900 639 verlicolorum
917 605 1162 652 concipiebant
1176 605 1280 639 foetus
1296 603 1535 643 verlicolores,
1550 602 1674 638 licut&
1684 613 1838 650 pavones
1853 603 1974 637 dicun-

267 666 322 690 tur
337 654 401 688 albi
417 652 507 692 fieri,
527 654 548 687 li
558 651 742 692 locus,ubi
753 663 862 687 mater
879 653 1034 692 incubat,
1052 652 1130 687 albo
1139 663 1235 688 totus
1251 653 1444 688 inducatur.

366 703 509 749 erres
525 709 658 748 quarto,
708 701 807 735 Num
826 702 955 736 nivium
967 702 1098 736 candor
1115 701 1201 736 obfit
1217 701 1325 735 oculis
1339 699 1354 739 ἳ
1371 700 1579 747 Respondeo
1589 697 1790 734 affirmative
1801 720 1812 737 ,
1834 698 1914 745 quia
1927 697 1977 732 ni-

268 751 333 786 mis
348 749 497 785 intensus
507 750 638 784 candor
652 748 844 797 perstringit
858 750 992 785 oculos.
1044 750 1149 784 Unde
1162 772 1172 788 ,
1188 749 1245 796 qui
1259 751 1292 783 in
1302 748 1426 783 mediis
1442 748 1576 783 nivibus
1591 748 1761 787 habitant,
1775 746 1981 794 plerumque

269 798 442 834 debilioris
458 798 545 832 visus
555 797 621 832 efle
636 797 755 832 solent.
808 797 857 832 Ita
867 797 1141 835 Galenuslib.1o.
1154 799 1197 832 de
1206 797 1264 832 usu
1274 807 1357 844 part.
1369 808 1429 842 c.3.
1450 796 1573 831 scribit.
1624 795 1875 842 Xenophontis
1891 795 1978 829 mili-

269 858 339 886 tes,
354 847 373 881 ἐ
387 846 522 881 Perlitle
531 846 733 885 redeuntes,
751 846 834 880 dum
849 858 909 892 per
922 846 1065 881 multam
1083 846 1196 881 nivem
1214 846 1460 884 iterfecerunt,
1476 844 1585 880 oculis
1595 844 1782 891 plurimum
1798 844 1890 878 laelos
1905 841 1982 877 luis·

271 896 312 933 se.
364 896 498 930 Idcirco
516 895 617 929 etiam
633 894 667 928 in
680 894 801 942 Regno
809 894 892 928 Tibcs
907 894 1028 929 incolae
1045 893 1405 941 montaniperspicillis
1423 892 1633 931 cancellatis,
1647 903 1686 926 ac
1701 891 1885 926 reticulatis
1899 913 1909 931 ,
1924 889 1983 929 ubi

271 944 447 980 continuae
473 943 568 977 nives
581 943 615 976 in
630 942 753 978 oculos
770 944 900 978 cadunt
914 966 924 983 ,
940 943 989 978 uti
1005 942 1114 978 solent
1127 965 1136 982 ,
1158 952 1197 978 ut
1212 943 1390 977 radiorum
1411 941 1559 976 nimium
1578 940 1803 976 candentium
1816 941 1984 974 affluxum
2039 963 2042 974 ,

270 991 432 1028 nonnihil
449 991 621 1038 castigent.

370 1041 514 1087 Qaeres
529 1039 663 1086 quinto.
714 1038 790 1073 Cur
804 1038 879 1079 nix,
893 1048 932 1074 ut
947 1040 1164 1075 observatum
1180 1037 1227 1073 est
1240 1039 1275 1072 in
1284 1037 1414 1085 alpibus
1428 1060 1439 1077 ,
1460 1037 1561 1073 etiam
1582 1037 1794 1084 quandoque
1810 1034 1983 1071 rubescat?

272 1088 499 1137 Respondeo,
514 1086 586 1121 fieri
606 1088 677 1122 hoc
691 1098 733 1121 ex
749 1098 792 1121 eo
811 1087 939 1135 potest,
957 1089 1053 1135 quod
1065 1092 1172 1122 aereae
1185 1096 1296 1134 partes
1305 1092 1405 1133 (quas
1421 1086 1579 1121 candoris
1594 1087 1695 1120 etiam
1711 1084 1924 1125 causamvess‘e
1934 1085 1981 1117 di-

272 1140 403 1183 ximus)
421 1148 501 1171 cum
524 1146 684 1183 tempore
704 1135 844 1170 avolent
857 1158 867 1175 ,
894 1136 929 1171 ὅ(
945 1136 1121 1171 materiam
1141 1135 1227 1170 nivis
1242 1133 1435 1169 deserentes
1450 1157 1460 1173 ,
1481 1146 1556 1168 eam
1573 1135 1755 1168 mixturam
1771 1133 1984 1179 relinquant,

272 1198 348 1233 quae
361 1185 478 1220 rubori
495 1184 569 1232 plus
580 1186 730 1219 accedat.
781 1183 973 1219 Eustathius
987 1184 1088 1224 vero,
1099 1184 1183 1218 dum
1197 1184 1317 1222 refert,
1334 1183 1368 1218 in
1377 1183 1540 1217 Armenia
1550 1182 1646 1217 nives
1662 1182 1871 1217 rubicundas
1889 1182 1983 1215 inve-

273 1235 355 1274 niri,
367 1237 488 1272 docet,
504 1235 575 1267 hoc
583 1233 789 1279 contingere
799 1233 879 1266 ideo
888 1255 898 1272 ,
914 1234 1010 1280 quod
1021 1231 1256 1267 exhalationes
1271 1231 1316 1266 ibi
1331 1231 1529 1278 frequentes
1539 1242 1580 1265 ex
1590 1230 1675 1265 locis
1691 1231 1800 1264 minio
1809 1231 1985 1264 abundan-

272 1284 363 1318 tibus
373 1280 567 1317 ascendant.
617 1281 771 1315 Eandem
788 1281 920 1316 caulam
935 1281 1032 1316 affert
1041 1280 1238 1316 Alexander
1253 1281 1294 1314 ab
1303 1279 1501 1314 Alexandro
1511 1278 1750 1324 lib.4.Genial.
1760 1278 1843 1314 dier.
1857 1289 1926 1321 αι).
1942 1278 1986 1312 de

272 1331 476 1367 rubicundis
492 1330 626 1364 nivibus
637 1329 670 1363 in
682 1329 827 1374 Scythiae
836 1330 1026 1364 montibus.
1077 1328 1250 1364 Coeruleae
1259 1328 1362 1362 etiam
1373 1328 1466 1362 nives
1475 1328 1582 1362 videri
1594 1325 1693 1373 juxta
1708 1328 1833 1361 fretum
1844 1325 1986 1373 Magali-

275 1391 381 1414 anum
391 1377 537 1413 affirmat
547 1377 728 1413 Cardanus
745 1377 802 1414 lib.
812 1389 836 1414 1.
848 1378 892 1412 de
901 1379 1017 1412 variet.
1029 1389 1059 1415 c.
1069 1389 1101 1424 4.
1113 1376 1257 1424 fierique
1271 1377 1342 1411 hoc
1360 1388 1432 1410 non
1445 1376 1578 1411 tanturn
1589 1378 1634 1410 ob
1643 1374 1844 1410 vetustatem
1864 1375 1966 1421 iplfim
1975 1395 1986 1413 ,

273 1428 332 1462 sed
349 1429 444 1474 quod
455 1427 496 1461 ad
505 1425 652 1475 glaciem
663 1436 769 1461 atram
786 1427 945 1466 accedat,
964 1426 997 1462 ὃ(
1008 1425 1231 1474 prolpe&use
1244 1424 1439 1472 longinquo
1457 1424 1510 1465 sit,
1528 1424 1826 1471 quemadmodum
1837 1422 1871 1457 ἃ
1883 1424 1915 1457 in
1932 1427 1988 1457 ae'-

273 1487 312 1512 re
320 1475 514 1511 coeruleum
529 1473 697 1513 ostendat,

372 1525 516 1572 Qaeres
527 1522 630 1558 sexto.
681 1522 772 1561 Cur,
782 1523 864 1557 dum
875 1522 1002 1570 ningit,
1019 1523 1119 1557 (onus
1127 1532 1255 1556 vocum
1267 1520 1302 1556 ὅ(
1317 1531 1559 1567 campanarum
1571 1518 1743 1554 difficilius
1756 1517 1988 1566 percipiaturl,5

276 1571 486 1620 Respondeo
496 1594 507 1611 ,
521 1571 695 1606 rationem
709 1570 791 1611 effe,
805 1571 884 1618 quia
899 1571 955 1605 nix
965 1572 1048 1605 acris
1060 1570 1243 1619 agilitatem
1260 1571 1385 1608 aufert,
1400 1568 1478 1604 &in
1495 1567 1662 1603 flocculos
1673 1567 1758 1602 nivis
1770 1571 1871 1602 lonus
1886 1567 1989 1602 toties

275 1621 451 1670 impingit,
469 1621 655 1655 uttandem
665 1617 858 1666 dissipetur,
874 1630 939 1653 nec
957 1617 1473 1666 pcreorumintervallainteger
1481 1627 1680 1663 permanare
1689 1612 1801 1662 poffit.

372 1670 518 1716 Qaeres
533 1667 689 1715 septimo·
740 1671 797 1702 An
811 1666 967 1701 animalia
984 1668 1015 1701 in
1033 1668 1111 1702 nive
1131 1666 1238 1705 nasci,
1254 1665 1289 1701 &
1305 1667 1422 1701 vivere
1439 1662 1587 1712 possint&
1607 1663 1815 1711 Respondeo
1832 1686 1842 1703 ,
1859 1662 1940 1698 licet
1955 1662 1990 1697 in

276 1717 387 1768 glacie
401 1717 535 1752 nullum
550 1717 646 1756 oriri,
662 1716 843 1751 autvivere
851 1714 944 1763 polse
959 1716 1116 1750 videatur
1124 1714 1265 1754 animal,
1281 1715 1377 1761 quod
1393 1725 1432 1748 ea
1442 1712 1640 1760 congelata,
1655 1708 1992 1760 adeoqueliigidiffi·

276 1778 351 1806 rna,
369 1765 469 1800 omni
480 1763 680 1800 destituatur
693 1763 808 1799 calore
818 1786 827 1803 ,
845 1776 916 1811 quo
926 1774 1042 1798 tamen
1060 1775 1148 1811 opus
1157 1764 1286 1798 habent
1294 1761 1470 1800 animalia,
1486 1772 1524 1795 ut
1533 1761 1613 1795 oriri
1624 1761 1783 1797 &vivere
1791 1770 1938 1807 queant,
1955 1759 1992 1794 fi-

277 1825 338 1851 cut
346 1815 453 1849 docet
465 1812 664 1848 Aristoteles
679 1825 690 1857 3
713 1813 771 1847 nix
785 1822 901 1847 tamen
915 1835 924 1852 ,
948 1813 1025 1858 quia
1040 1812 1186 1847 mixtum
1209 1810 1398 1858 quid,licet
1412 1808 1652 1856 imperfe&um
1669 1808 1704 1844 ὅ(
1719 1809 1924 1847 humidum,
1939 1817 1992 1843 ut-

277 1874 362 1913 pote
372 1875 414 1898 ex
422 1861 606 1909 vaporibus
623 1871 829 1895 concretum
844 1862 1021 1907 quoddam
1038 1859 1105 1904 est;
1123 1859 1257 1894 nullum
1267 1869 1383 1894 autem
1393 1858 1577 1893 humidum
1592 1857 1661 1892 sine
1669 1857 1783 1892 calore
1792 1856 1857 1892 effe
1865 1856 1992 1904 potest,

279 1923 319 1947 ut
333 1912 425 1946 idem
435 1909 665 1956 Philosophus
675 1908 869 1952 docetlib.5
892 1909 1095 1957 degenerat.
1105 1907 1241 1943 animal.
1258 1906 1388 1942 idcirco
1405 1906 1507 1941 etiam
1516 1905 1673 1940 animalia
1689 1906 1845 1952 quaedam
1862 1906 1897 1939 in
1913 1905 1994 1939 nive

279 1961 360 1995 oriri
377 1960 411 1995 ὅ(
428 1959 544 1993 vivere
561 1956 655 2004 poss'e
671 1957 785 2006 negari
801 1968 873 1991 non
882 1958 995 1994 debet.
1046 1957 1151 1992 Unde
1160 1955 1386 1991 Helmontius
1402 1955 1522 1994 tradit,
1540 1954 1575 1988 in
1590 1954 1726 1988 nivibus
1742 1964 1877 1989 vermes
1893 1952 1994 1988 nasci.

278 2007 504 2044 Vetilimiliiis
514 2017 631 2040 tamen
646 2005 709 2044 est,
725 2004 880 2040 animalia
889 2016 968 2039 cum
979 2005 1112 2040 nivibus
1121 2005 1267 2040 decidua
1276 2004 1328 2039 vel
1339 2003 1395 2038 sub
1405 2003 1569 2038 foliorum
1583 2002 1617 2036 in
1627 2002 1805 2037 arboribus
1816 2001 1992 2049 congerie,

279 2057 333 2092 vel
343 2056 419 2091 alibi
430 2053 608 2090 latibulum
617 2053 757 2101 aliquod
768 2054 894 2100 hyeme
901 2053 1199 2100 appropinquante
1208 2050 1388 2100 quaeliw'ss'e
1395 2061 1499 2098 atque
1507 2062 1587 2086 cum
1597 2062 1725 2099 magno
1734 2060 1922 2085 ventorum
1931 2061 1995 2084 im·
2039 2055 2042 2058 ”

280 2116 363 2153 petu
378 2104 405 2139 al
423 2105 455 2138 io
473 2102 615 2149 dispersa
630 2125 641 2142 ,
663 2102 822 2148 nivisque
834 2099 989 2136 flocculis
1007 2101 1167 2139 conclusa
1181 2103 1300 2136 denuo
1319 2097 1451 2146 dejecta
1468 2098 1544 2136 effe.
1593 2098 1926 2145 Qaeinl'e&a,cum
1935 2098 1995 2132 de-

282 2155 364 2188 inde
374 2151 514 2188 viviticis
525 2150 611 2185 Solis
626 2150 725 2184 radiis
742 2149 926 2188 feriuntur,
943 2161 1001 2184 aut
1015 2150 1080 2184 alio
1094 2148 1255 2196 proficuo
1270 2148 1386 2183 calore
1398 2148 1579 2187 foventur,
1596 2147 1695 2182 facile
1708 2147 1790 2182 iniis
1798 2147 1925 2194 torpidi
1935 2145 1996 2194 spi-

283 2204 368 2238 ritus
382 2200 596 2238 animantur,
614 2198 649 2234 &
663 2198 706 2234 fic
721 2197 786 2245 ipsa
798 2195 999 2244 hujusmodi
1009 2197 1131 2233 inscita
1145 2197 1233 2246 quali
1246 2198 1280 2231 in
1288 2197 1394 2231 vitam
1406 2206 1624 2233 revocantur.

383 2250 527 2295 Quasres
543 2246 677 2282 ultimo.
729 2248 855 2281 Utrum
874 2247 932 2280 nix
949 2245 1323 2294 aliquandolapidescat
1337 2245 1373 2280 in
1389 2243 1579 2291 crystallum
1594 2244 1606 2279 ?
1620 2241 1769 2278 affirmat
1781 2243 1852 2279 hoc
1865 2241 1998 2278 Plinius

282 2299 393 2342 iib.37.
403 2308 470 2331 nat.
481 2294 566 2331 Hist.
576 2306 606 2332 c.
617 2307 646 2332 2.
699 2295 782 2329 Ideo
793 2305 858 2328 nec
868 2306 944 2329 eam
958 2294 1096 2341 reperiri
1105 2294 1261 2334 testatur,
1275 2293 1333 2328 nisi
1343 2293 1401 2328 ubi
1416 2293 1565 2328 maxime
1581 2293 1743 2338 hybernae
1759 2293 1856 2327 nives
1871 2291 1998 2339 rigent,

282 2358 323 2383 ut
337 2347 372 2381 in
390 2345 547 2380 cautibus
557 2342 711 2390 Alpium,
763 2343 867 2378 Unde
875 2343 977 2391 ipsam
991 2343 1196 2391 plerumque
1204 2344 1221 2377 a
1231 2342 1317 2378 locis
1329 2341 1427 2376 inviis
1436 2341 1520 2376 fune
1529 2344 1722 2388 pendentes
1731 2340 1926 2378 extrahunt.
1934 2340 2000 2375 Ita-

283 2415 351 2452 que
365 2403 426 2441 ait,
436 2399 626 2451 crystallum
636 2400 701 2436 effe
716 2400 861 2448 glaciem
871 2401 965 2435 unde
974 2400 1009 2435 ὅ(
1017 2410 1149 2435 nomen
1159 2399 1271 2435 Graeci
1281 2398 1421 2434 dedere.
1471 2398 1605 2434 Dicitur
1614 2398 1707 2433 enim
1716 2404 1830 2443 ’cpnswa
1839 2387 1871 2429 ὃς
1879 2419 1889 2436 ,
1898 2397 1932 2432 id
1942 2396 2000 2437 est,

276 2463 421 2512 glacies,
431 2460 467 2496 ὅ(
477 2448 631 2498 στέλλω,
641 2459 674 2494 id
685 2458 748 2498 est,
766 2458 957 2503 contrah03
973 2459 1070 2505 quod
1079 2469 1121 2493 ex
1135 2457 1244 2506 glacie
1261 2456 1397 2504 frigoris
1410 2455 1631 2491 vehementia
1646 2453 1851 2490 obdurescat
1866 2455 1902 2489 in
1918 2454 2001 2503 lapi-

275 2513 368 2546 dem.
415 2509 523 2558 Gigni
537 2516 622 2541 vero
639 2507 684 2542 ita
692 2506 898 2554 Crystallum
913 2505 1097 2541 confirmat
1111 2506 1255 2553 praesens
1275 2504 1503 2552 experientia3
1517 2504 1597 2539 cum
1608 2504 1678 2538 hoc
1688 2503 1791 2538 etiam
1803 2514 1962 2550 ternpore
1978 2504 2000 2539 ἑ

276 2558 421 2606 praealtis
436 2558 471 2593 ὅ(
487 2553 705 2601 frigidiffimis
719 2556 878 2603 rupibus,
894 2564 933 2589 ut
947 2555 967 2589 ἐ
985 2554 1200 2593 Perlinianis,
1217 2564 1293 2601 quoe
1309 2553 1342 2587 in
1360 2553 1521 2588 extremis
1536 2551 1675 2586 Noricis
1700 2551 1776 2586 sunt
1787 2573 1798 2590 ,
1825 2551 2001 2587 evellatur.

275 2607 412 2642 Verum
430 2606 466 2641 ὅ(
482 2606 567 2655 intra
575 2613 701 2640 terram
709 2604 744 2639 in
753 2604 849 2641 venis
857 2613 929 2641 tam
940 2603 1118 2639 metallicis
1126 2625 1136 2645 ,
1145 2602 1249 2650 quam
1258 2601 1405 2650 propriis
1413 2623 1423 2643 ,
1433 2611 1471 2637 ut
1481 2599 1563 2635 alios
1579 2599 1747 2649 pretiosos
1765 2599 1912 2647 lapideS,
1926 2611 1999 2647 cry-

281 2655 414 2691 stallum
423 2651 574 2691 inveniri
588 2653 731 2690 constat.

794 2757 1484 2814 APPENDIX.

351 2888 469 2923 Rimo.
518 2887 618 2923 Nivis
626 2884 807 2922 artificialis
816 2885 999 2934 produffio
1011 2884 1164 2933 sequenti
1172 2884 1301 2924 modo,
1316 2892 1355 2918 ut
1363 2883 1464 2918 tradit
1473 2879 1706 2917 Kircherusin
1717 2878 1958 2925 arteluc.1ib.3.
1968 2890 2003 2915 c.

277 2898 384 2999 P2.
398 2934 526 2972 confici
541 2935 654 2983 potest
668 2948 677 2970 ι
692 2934 749 2970 fiat
764 2935 784 2970 e
801 2934 934 2969 laminis
952 2933 1232 2973 ferreisTholus,
1249 2932 1315 2967 {ive
1330 2930 1613 2978 haemisphaerium
1628 2951 1640 2968 ,
1656 2928 1836 2978 duplicatis
1851 2929 1895 2963 ita
1907 2927 2005 2962 lami-

356 2986 408 3019 nis
420 3007 430 3024 ,
442 2994 481 3019 ut
490 2985 578 3019 inter
588 2984 769 3029 utramque
786 2984 844 3018 nix
851 2983 977 3031 glacies
988 2983 1079 3017 nitro
1088 3005 1098 3022 ,
1109 2982 1163 3018 vel
1172 2980 1312 3016 vitriolo
1321 2981 1425 3015 mixta
1434 2978 1518 3026 poni
1528 2975 1630 3026 possit
1639 2989 1650 3023 3
1660 2976 1915 3024 aptenturinfra
1924 2976 2004 3011 tho·

280 3029 354 3067 lum
363 3032 479 3073 folles,
494 3033 553 3080 qui
563 3031 646 3067 flatu
665 3032 837 3067 continuo
847 3035 962 3066 aerem
978 3031 1020 3065 ad
1035 3029 1172 3066 tholum
1191 3029 1417 3076 refrigerent3
1434 3028 1478 3062 ita
1495 3027 1574 3062 fiet:
1590 3026 1657 3061 utli
1669 3026 1727 3062 sub
1742 3022 1842 3061 tholo
1858 3025 1893 3059 in
1911 3023 2006 3059 cubi-

281 3079 364 3115 culo
384 3091 442 3114 vas
463 3092 558 3128 aquae
572 3081 702 3116 ferveat
715 3102 725 3118 ,
743 3081 762 3114 e
777 3091 844 3127 qua
865 3091 1010 3128 vapores
1033 3080 1076 3115 ad
1095 3079 1232 3114 tholum
1258 3077 1502 3115 sublimentur,
1522 3076 1559 3110 hi
1581 3075 1600 3109 a
1620 3074 1756 3110 nivibus
1785 3073 1952 3120 frigefaeti
1971 3071 2008 3107 in

278 3125 490 3168 tenuiffimas
514 3129 666 3178 guttulas
691 3127 904 3165 resolventur
927 3151 939 3170 ‚
964 3129 1044 3177 quia
1069 3138 1154 3165 vero
1179 3129 1198 3163 a
1224 3127 1331 3164 vento
1347 3149 1358 3169 ,
1385 3125 1520 3163 follium
1537 3133 1606 3171 ope
1623 3124 1771 3159 excitato
1795 3144 1806 3163 ,
1832 3122 2007 3170 impetun·

1951 3179 2008 3205 tur
