2054 3496
624 199 1191 273 Ph1losophico-Poht1ca.
1683 221 1781 274 205

151 290 183 315 2.
207 279 257 314 Ex
268 279 379 315 urtica
399 279 436 314 in
453 279 607 315 cinerem
623 279 777 318 redacta,
795 279 816 314 si
832 279 985 314 lixivium
1001 278 1226 319 conficiatur,
1241 292 1283 316 ac
1298 289 1459 329 tempore
1467 281 1591 330 frigido
1602 281 1778 318 n0&urno

53 327 123 364 aeri
138 339 331 375 exponatur
342 350 352 367 ,
368 328 485 363 donec
499 327 676 376 glacialem
695 339 812 363 cutem
833 328 1017 362 contrahat
1029 351 1039 368 ,
1056 328 1168 375 inipla
1183 329 1294 377 glacie
1309 352 1319 370 ,
1335 332 1432 376 quod
1445 328 1572 366 mirum
1583 330 1647 371 est,
1661 331 1780 367 tota&

51 376 203 424 perlecta
212 377 327 410 urticae
338 376 446 423 figura
462 377 654 424 apparebit,
670 387 713 410 eo
723 374 882 410 fibrarum
899 375 1004 410 dudiu
1014 376 1068 415 ,&
1077 376 1243 411 foliorum
1253 377 1497 413 laciniosorum
1513 379 1672 414 serratura
1681 402 1691 419 ,
1704 391 1781 427 quae

52 425 89 459 in
99 425 187 459 veris
204 424 485 471 deprehenditur.
536 424 647 472 Qod
660 423 680 457 fi
690 424 920 472 microscopio
929 433 1003 459 tota
1014 425 1129 459 urticae
1145 423 1253 473 figura
1262 425 1475 473 inspiciatur,
1486 439 1528 462 ex
1542 427 1693 462 minimis
1704 427 1780 463 stel-

51 471 129 507 lulis
146 471 358 506 concrevisse
384 472 567 510 videbitur.

145 532 169 564 3.
197 519 355 555 Mirabile
370 521 471 555 etiam
482 520 546 559 est,
555 519 652 567 quod
663 519 824 568 deglacie
832 521 876 554 ad
889 519 1005 555 littora
1016 519 1171 555 Islandiae
1187 530 1299 556 narrat
1309 522 1486 557 Ditmarus
1498 523 1596 558 Bilke
1610 524 1702 570 aqud
1711 524 1780 559 Ca-

49 568 236 604 merarium
250 568 285 602 in
295 569 362 603 hor
372 567 486 603 subcis.
496 578 587 603 cent.
597 579 620 613 3.
630 580 663 615 p.
674 569 723 612 56.
739 579 868 615 nempe
884 569 927 602 ad
942 569 1078 603 initium
1095 568 1174 615 Julii
1188 569 1454 617 propeHeclam
1469 581 1629 606 montem
1646 573 1780 620 ignivo-

49 628 148 653 mum
164 617 207 651 ad
215 616 329 651 littora
337 616 491 651 Islandiae
506 617 687 664 ingentem
704 616 841 663 copiam
851 615 973 665 glaciei
988 617 1032 651 de
1041 617 1146 651 noete
1152 618 1290 653 advolvi
1300 641 1309 657 ‚
1319 630 1358 653 ac
1369 630 1431 665 per
1446 619 1701 666 consequentes
1710 630 1780 655 tres

48 663 184 700 menses
192 663 376 711 appulsu&
386 667 513 700 effluxu
530 665 702 700 continuo
710 664 819 699 allabi.
871 665 981 711 Qod
998 665 1017 699 fi
1034 667 1118 700 vero
1133 665 1296 712 particula
1304 666 1415 712 aliqua
1428 666 1531 713 hujus
1541 668 1780 716 glacieilinteo

48 712 247 748 involvatur
261 735 271 751 ,
296 712 332 748 ὅ(
347 715 382 747 in
400 713 478 748 cista
493 724 681 761 reponatur
695 726 704 747 ε
719 712 854 747 tamdiu
873 714 957 747 dura
975 712 1011 748 ὅ(
1026 713 1209 761 congelata
1223 715 1456 761 permanebit,
1468 716 1634 762 quamdiu
1650 716 1782 763 reliqua

50 760 178 809 glacies
201 761 243 795 ad
258 760 373 796 littora
387 760 538 809 appulsa,
555 762 613 796 ubi
628 761 703 796 haec
720 760 897 802 dilabitur,
914 761 1017 796 etiam
1031 761 1195 809 particula
1211 762 1333 810 glaciei
1349 763 1384 797 in
1407 762 1487 798 cista
1499 765 1683 800 recondita
1695 775 1782 801 mox

49 809 231 857 disparebit
246 808 343 843 nullo
362 810 519 844 humoris
531 809 625 858 ligno
643 808 776 844 relieto.

148 869 183 903 4.
210 857 264 892 De
278 858 522 892 hirundinibus
531 858 777 905 rigescentibus
795 868 856 905 per
866 857 1031 904 hyemem
1047 857 1160 894 stribit
1168 858 1400 894 Kircherusin
1415 860 1552 895 mundo
1568 860 1706 898 subterr.
1716 860 1737 899 1.
1749 866 1781 902 8.

49 904 155 951 sec.4.
172 906 311 942 c.1.haec
319 907 509 941 verbazEas
520 907 553 940 in
565 906 720 945 Polonia,
731 906 815 940 dum
826 906 985 952 hyberno
994 916 1155 954 ternpore
1163 906 1249 942 [effla
1258 907 1378 955 glacie,
1387 908 1571 955 piscatores
1587 910 1670 944 retia
1678 909 1721 944 ad
1729 909 1781 957 pi-

49 953 215 989 scandum
230 953 342 988 fundo
355 955 601 994 committunt,
616 956 710 990 haud
721 954 959 1001 infrequenter
968 966 1126 989 unacum
1142 954 1290 1002 piscibus
1308 955 1515 991 convolutas
1530 957 1565 991 in
1582 957 1728 1005 globum
1744 968 1780 992 e.

49 1002 149 1041 duci,
160 1002 246 1037 mira
259 1003 408 1049 quadam
418 1002 579 1038 industria
595 1003 824 1051 itaunguibus
841 1002 983 1037 innexas
994 1013 1052 1041 ,ut
1071 1003 1127 1038 vix
1143 1005 1186 1039 ab
1203 1004 1353 1039 invicem
1370 1004 1510 1051 separari
1526 1016 1656 1052 queant
1671 1018 1682 1050 ;
1704 1017 1781 1053 quae

48 1049 184 1097 sopitae,
200 1050 236 1086 ὅ(
251 1050 357 1085 veluti
379 1050 626 1091 semimortuae,
645 1053 702 1086 ubi
726 1050 944 1098 hypocaustis
959 1050 1076 1091 illatae,
1092 1062 1139 1086 eae
1154 1052 1317 1099 paulatim
1331 1053 1427 1088 velut
1443 1064 1486 1088 ex
1499 1053 1569 1089 alto
1585 1053 1710 1101 sopore
1730 1054 1780 1090 vi-

49 1099 153 1148 giles,
170 1098 202 1134 se
210 1109 371 1138 movere,
394 1099 498 1147 paulo
508 1099 584 1147 post
603 1111 746 1147 quoque
759 1099 916 1134 volatum
932 1109 1100 1135 attentare
1115 1101 1289 1137 feruntur:
1304 1111 1556 1137 omnestamen
1571 1124 1582 1142 ,
1596 1102 1704 1137 antea
1719 1113 1780 1138 nas-

50 1157 126 1183 tura
141 1147 179 1182 iis
193 1146 422 1183 constitutum
437 1158 575 1196 tempus
592 1147 769 1189 extractae,
780 1148 886 1184 vitam
902 1159 977 1183 non
993 1149 1213 1188 continuant.

337 1262 931 1329 CONCLUSIO
974 1264 1482 1330 POLITICA.
1736 1336 1745 1339 ,γ

103 1346 356 1418 Violata
397 1348 671 1422 foederis
713 1351 870 1422 fides
912 1374 1172 1448 ruptura
1197 1357 1286 1425 est
1315 1353 1473 1425 boni
1498 1351 1740 1449 publici

1190 1551 1716 1559 --—--————

1181 1559 1716 1568 ,uu——

1270 1578 1716 1585 -——

169 1741 413 1792 ll

170 1790 367 2212 ³,.‚‚.........·1muumllllllllll

915 3181 950 3223 C
962 3195 982 3221 c
1005 3195 1021 3231 ς
1623 3185 1779 3227 Duarum
