2054 3496
248 190 362 242 204
919 172 1283 244 Meteorologia

354 247 510 296 Colliges
529 246 694 283 secundo.
745 250 884 296 Aquam
899 249 1010 284 salsam
1026 250 1072 284 ob
1087 247 1266 284 crassitiem
1278 248 1312 284 ὅ(
1329 249 1577 297 pinguedinem
1591 257 1690 284 tanto
1705 248 1740 284 in
1748 248 1894 297 glaciem
1909 248 1974 285 dif-
2028 247 2030 291 Q

254 295 377 333 ficilius
388 319 398 335 ,
412 305 543 343 quanto
560 296 669 332 dulcis
678 297 723 331 ob
734 296 909 332 levitatem
925 297 1056 332 facilius
1073 298 1415 341 convertitur3-unde
1430 299 1525 344 quod
1542 297 1667 346 glacies
1682 299 1783 332 maris
1801 297 1910 332 dulcis
1925 297 1974 338 fit,
2027 315 2030 338 ς

255 346 343 379 ratio
353 344 399 378 est
408 345 540 391 ,inquit
550 344 740 380 Kircherus
749 345 805 382 lib.
814 357 837 390 3.
847 345 972 382 Mund.
984 345 1067 380 subt.
1080 357 1153 392 cap.
1161 360 1195 391 4⁴
1207 348 1304 392 quod
1312 357 1399 398 aqua
1416 345 1523 380 salsior
1531 345 1739 381 condensata
1747 347 1891 393 frigore,
1899 357 1973 393 gra-

255 393 361 428 vitate
373 392 428 427 sua
445 392 604 433 subsidat,
623 393 731 428 dulcis
740 405 823 428 vero
843 404 945 428 exuta
962 393 1168 428 salsedine&
1181 393 1320 441 pluviis,
1338 394 1724 440 nivibusquecontinuo
1734 383 1848 435 aurfta,
1867 393 1974 429 utile-
2027 401 2030 438 ξ

256 441 361 477 vitate
370 440 425 476 sua
440 442 587 488 graviori
604 443 797 488 supernatat
812 464 822 481 ,
837 442 882 476 ita
900 441 1094 477 circumlito
1110 442 1189 489 gelu
1204 441 1302 476 facile
1318 441 1570 489 constringitur.

354 489 509 537 colliges
523 489 638 527 tertio.
692 489 822 524 Oleum
831 490 1059 537 aliquomodo
1075 491 1155 538 gelu
1170 489 1392 525 constriffl-um
1408 490 1821 537 graviusredditur,adeo
1838 489 1920 525 utin
1935 501 1974 525 0-

254 537 313 573 leo
329 549 402 572 non
413 537 611 586 infrigidato
629 549 714 573 mox
724 537 925 578 descendat,
934 548 972 573 ut
982 539 1161 573 annotavit
1170 538 1308 573 Cabeus
1326 539 1358 572 in
1370 538 1548 576 Meteorit,
1559 550 1601 572 eo
1615 540 1710 584 quod
1721 538 1850 585 spiritus
1862 538 1976 586 plures

255 585 356 621 laxati
371 586 515 620 abierint
526 608 537 625 ,
554 585 613 633 qui
626 585 801 621 levitatem
816 587 1062 631 conferebant3
1079 587 1114 620 in
1124 598 1197 621 non
1212 585 1396 621 constri&o
1407 597 1490 621 vero
1510 586 1640 633 spiritus
1656 587 1880 623 retineantur.

355 634 497 681 Qaeres
511 634 635 681 primo.
687 634 761 669 Cur
773 642 861 681 aqua
876 634 939 669 vasi
957 634 1081 674 insula,
1097 635 1131 670 ὅ(
1142 634 1424 682 hyemaliliigore
1441 635 1622 682 congelata
1633 634 1714 668 illud
1733 635 1766 669 in
1784 645 1896 682 partes
1913 634 1977 669 dif-

255 683 400 731 fringat2
419 681 644 729 RespondeO,
655 683 826 717 rationem
844 681 926 722 effe,
943 684 1039 730 quod
1050 683 1142 730 prius
1154 682 1346 730 luperficies
1355 693 1450 729 aquae
1459 705 1469 721 ,
1479 684 1580 729 quam
1592 694 1666 729 quar
1678 683 1711 717 in
1721 683 1833 718 fundo
1844 682 1907 722 est,
1917 694 1977 731 ge-

254 730 291 766 lu
308 730 578 779 constringatur,
586 741 710 778 utpote
720 731 839 779 frigori
850 731 1015 766 ambienti
1023 732 1131 779 magis
1143 732 1305 778 exposita3
1315 731 1456 778 glaciata
1466 742 1549 765 vero
1563 730 1739 779 superficie
1749 731 1850 766 etiam
1860 731 1976 765 interi-

256 791 298 815 or
306 790 380 827 pars
395 790 491 825 aquae
506 778 726 819 condensari,
742 779 926 827 stringique
941 783 1102 827 adeoque
1117 779 1151 814 ὅ(
1167 780 1282 814 minus
1298 781 1440 826 spatium
1456 790 1628 826 occupare
1644 779 1763 827 incipit
1775 802 1786 819 ,
1826 779 1880 814 uia
1891 790 1975 815 vero

257 833 315 863 aer
325 828 409 862 dura
418 826 815 875 superficieimpediente
833 828 1016 863 succedere
1029 840 1103 862 non
1120 827 1248 875 potest,
1263 838 1321 862 vas
1332 838 1427 862 metu
1436 828 1532 862 vacui
1544 828 1772 875 disrumpitur.
1798 792 1977 863 §l'antave-

256 887 298 912 ro
308 877 381 911 haec
390 876 439 911 vis
449 874 674 915 est,utetiam
686 873 879 911 solidiffima
887 887 1032 923 quaeque
1047 888 1194 923 corpora
1209 875 1320 911 valeat
1342 875 1552 922 diffringere.
1606 876 1653 910 lta
1669 876 1886 911 observatum
1902 887 1977 911 non

256 924 361 960 semel
377 924 458 962 fuit,
474 925 578 958 tubos
594 924 725 959 ferreos
742 924 974 971 sclopetorum
985 936 1071 971 aqua
1083 922 1554 972 impletos&diligentiffime
1571 924 1728 959 occlusos
1744 947 1754 964 ,
1769 925 1850 959 cum
1858 924 1976 972 gelido

255 978 335 1008 aere
348 971 485 1007 fuitsent
495 972 655 1019 expositi,
671 984 753 1008 cum
774 972 907 1019 impetu
924 973 1092 1019 disruptos
1108 971 1184 1007 effe.

355 1021 499 1067 Qaeres
515 1021 679 1056 secundo.
732 1020 807 1056 Cur
823 1032 911 1068 aqua
929 1020 1036 1056 calida
1051 1022 1168 1069 frigori
1180 1019 1329 1068 exposita
1342 1019 1626 1055 citius&firmitis
1637 1020 1745 1067 glacie
1759 1021 1974 1060 obduretur}

256 1069 481 1117 Respondeo‚
491 1069 662 1104 rationem
672 1068 841 1116 ess'e,quia
850 1069 957 1104 calida
965 1081 1052 1117 aqua
1061 1070 1167 1103 rarior
1179 1069 1215 1104 &
1228 1069 1368 1103 tenuior
1382 1067 1444 1107 est,
1459 1069 1583 1103 rariora
1600 1081 1682 1103 vero
1698 1070 1805 1118 magis
1819 1078 1979 1116 penetrat

255 1118 382 1166 frigus,
400 1117 540 1152 unde&
555 1117 654 1153 citius
668 1117 749 1165 gelu
764 1117 982 1166 constringit,
994 1118 1205 1165 experientia
1218 1115 1321 1163 hujus
1330 1117 1378 1151 rei
1389 1117 1505 1152 edocti
1518 1116 1728 1165 Cynamolgi
1746 1117 1921 1163 (populus
1931 1117 1979 1152 est

256 1166 499 1202 Indicushirto
510 1166 544 1201 ὅ(
553 1165 672 1200 villoso
681 1177 829 1213 corpore
837 1166 1003 1200 deformis
1012 1169 1028 1212 >
1040 1167 1096 1213 qui
1107 1165 1286 1213 asperrima
1294 1166 1421 1212 hyeme
1431 1165 1545 1200 inituri
1555 1165 1707 1212 praelium
1726 1177 1806 1200 cum
1816 1165 1980 1205 ‘rai-caris,

258 1227 346 1262 aqua
355 1214 463 1249 calida
479 1214 748 1261 seperfundunt,
763 1214 845 1249 acin
860 1214 1103 1262 pulverulento
1121 1214 1193 1248 (olo
1205 1213 1380 1253 volutant,
1399 1223 1436 1248 ut
1450 1213 1493 1249 fic
1509 1213 1620 1260 pulvis
1636 1215 1723 1260 aqua
1738 1214 1865 1248 mixtus
1880 1214 1979 1261 super

259 1273 341 1299 cute
358 1261 579 1310 congeletur,
594 1262 701 1298 lorica
708 1262 840 1311 glaciali
857 1274 983 1310 corpus
1000 1273 1120 1298 contra
1134 1262 1201 1297 tela
1209 1263 1384 1302 muniant,
1399 1262 1638 1310 &sagittarum
1653 1263 1740 1297 ictus
1756 1262 1905 1297 eludant.
1929 1264 1980 1298 [ta

260 1311 374 1347 scribit
384 1311 595 1350 ,Vincentius
603 1311 850 1347 Bellovacenfis
858 1311 930 1346 hist.
940 1310 996 1348 lib.
1005 1323 1048 1356 32.
1060 1323 1136 1348 c.11.

357 1360 502 1407 Qaeres
517 1360 631 1396 tertio.
657 1359 732 1394 Cur
747 1359 884 1408 frigoris
896 1359 1094 1407 viquaedam
1112 1368 1389 1407 corrumpantur.
1415 1357 1636 1406 Respondeo,
1647 1358 1729 1393 inde
1744 1359 1779 1393 id
1795 1358 1979 1406 probabili-

260 1417 313 1444 ter
328 1408 534 1455 contingere
543 1431 553 1447 ,
567 1409 664 1455 quod
680 1408 786 1456 frigus
796 1408 942 1455 partium
951 1418 1139 1448 texturam,
1148 1420 1187 1444 ac
1202 1408 1363 1442 ordinem
1373 1408 1417 1442 ita
1431 1408 1605 1446 immutet,
1617 1417 1654 1442 ut
1663 1407 1718 1442 vix
1727 1406 1855 1442 restitui
1863 1404 1980 1452 postit,

260 1458 347 1492 dum
366 1455 490 1491 scilicet
505 1457 638 1503 aquosae
655 1467 767 1504 partes
782 1456 982 1496 dilatantur,
998 1455 1090 1491 fibrae
1101 1479 1109 1495 ,
1126 1456 1163 1492 &
1179 1455 1353 1490 solidiores
1362 1455 1532 1503 particuloe
1541 1455 1702 1502 disrumpi
1719 1454 1840 1493 solent.
1879 1456 1980 1490 Sicin

261 1502 483 1554 frigidiffimis
497 1505 715 1553 regionibus,
732 1514 770 1539 ut
779 1502 909 1545 Rullia,
919 1505 1063 1539 islandia
1080 1527 1090 1544 ,
1108 1505 1326 1552 Norvvegia,
1341 1504 1399 1538 ubi
1414 1504 1519 1551 frigus
1528 1505 1616 1551 riget
1630 1504 1759 1543 acrius,
1775 1503 1858 1551 sirpe
1867 1515 1979 1544 aures,

261 1553 298 1589 ὅ(
308 1564 405 1588 nares
413 1575 423 1593 ,
431 1552 572 1599 aliaeque
586 1563 697 1600 partes
707 1553 741 1588 vi
755 1553 890 1602 frigoris
903 1563 1176 1601 corrumpuntur
1189 1575 1200 1592 ,
1216 1552 1379 1588 necaliud
1396 1552 1487 1586 malo
1497 1552 1605 1601 magis
1614 1562 1853 1599 opportunum
1864 1563 1978 1590 reme-

262 1602 383 1641 dium,
405 1613 508 1648 quam
527 1600 547 1635 fi
564 1611 676 1649 partes
692 1601 755 1636 illae
770 1601 851 1636 laesae
872 1601 994 1649 frigida
1016 1613 1103 1649 aqua
1118 1602 1258 1648 perfusae
1290 1602 1369 1635 nive
1392 1602 1427 1635 in
1448 1600 1611 1635 calidiore
1634 1601 1714 1635 loco
1736 1601 1983 1635 obducuntur:

261 1660 349 1686 tunc
364 1650 457 1686 enim
467 1648 584 1685 sensnn
593 1650 761 1686 meatibus
770 1650 893 1698 apertis
903 1650 1035 1699 [anguis
1051 1649 1267 1698 &spiritusin
1275 1657 1386 1698 partes
1401 1648 1471 1683 illas
1486 1651 1684 1696 depravatas
1700 1649 1819 1684 denuo
1836 1647 1979 1684 illabun-

262 1708 331 1738 tur.

361 1747 506 1795 Qaeres
520 1756 655 1794 quarto.
680 1746 757 1782 Cur
770 1747 875 1795 frigus
885 1747 920 1782 in
928 1747 1134 1795 quibusdam
1142 1746 1228 1782 locis
1242 1746 1344 1780 etiam
1361 1747 1378 1780 a
1394 1745 1482 1793 polis
1491 1745 1738 1780 remotioribus
1748 1744 1855 1794 longe
1869 1745 1980 1782 acrius

265 1795 330 1836 est,
339 1807 443 1843 quam
454 1796 487 1830 in
498 1796 535 1829 iis
544 1819 554 1835 ,
569 1807 645 1843 quae
656 1794 731 1831 sunt
743 1796 830 1843 polis
844 1795 918 1843 ipsis
932 1796 1111 1833 viciniora.
1161 1794 1240 1830 Ceu
1249 1795 1354 1843 frigus
1370 1795 1401 1828 in
1412 1794 1564 1828 [Uerania
1573 1793 1726 1828 Poloniae
1735 1793 1917 1829 Provincia
1932 1793 1981 1831 est

264 1845 490 1883 acerrimum,
512 1856 592 1878 cum
608 1854 727 1880 tamen
736 1845 858 1879 eadem
874 1844 945 1879 fere
961 1842 1079 1891 fitejus
1095 1843 1260 1883 latitudo,
1271 1843 1599 1890 quaeinN01·mani;1.
1651 1842 1707 1876 Sic
1725 1843 1827 1877 etiam
1845 1843 1878 1877 in
1887 1843 1978 1891 regia

264 1894 422 1928 Sinarum
432 1892 569 1927 civitate
581 1893 624 1927 ad
636 1905 689 1939 42,
702 1893 826 1940 gradus
836 1891 919 1928 latit.
934 1892 991 1928 fita
1005 1915 1015 1932 ,
1033 1892 1140 1940 qualtis
1157 1892 1259 1927 etiam
1272 1891 1319 1925 est
1335 1892 1453 1925 Romae
1466 1913 1475 1930 ,
1491 1891 1612 1938 ingens
1628 1889 1751 1925 fluvius
1769 1891 1804 1925 in
1819 1891 1981 1926 Novem-

264 1942 316 1977 bri
333 1941 420 1975 intra
436 1952 546 1975 unum
563 1952 661 1988 poene
670 1941 763 1975 diem
782 1942 912 1989 frigore
925 1941 1117 1976 concrescit
1128 1963 1139 1980 ,
1153 1940 1189 1976 &
1212 1939 1416 1988 congelatur
1432 1963 1441 1978 ,
1458 1951 1524 1974 nec
1540 1939 1664 1986 glacies
1679 1938 1817 1974 solvitur
1833 1939 1891 1973 nisi
1905 1938 1982 1987 post

264 2000 421 2038 quatuor
434 1988 569 2023 menses
582 1988 731 2024 εκειᾶος.
785 1988 994 2036 Respondeo
1002 2013 1011 2029 ,
1020 1988 1153 2025 causam
1162 1987 1265 2036 hujus
1274 1989 1446 2023 acriorum
1455 1987 1622 2022 halituum
1633 1986 1748 2035 potius
1757 1986 1794 2022 in
1803 1998 1875 2022 uno
1885 1987 1980 2030 loco,

266 2050 373 2086 quam
391 2038 426 2071 in
439 2037 505 2071 alio
525 2038 782 2084 erumpentium
798 2048 900 2072 certae
915 2036 1482 2085 permistionieffeadscribendum.

368 2086 513 2133 Q‘aeres
529 2086 670 2133 quinto:
684 2087 782 2121 Num
799 2086 834 2121 ὅ(
850 2087 949 2120 bruta
958 2085 1144 2121 animantia
1157 2085 1276 2134 glaciei
1287 2084 1481 2119 firmitatem
1498 2083 1556 2118 suo
1573 2084 1684 2118 modo
1699 2082 1892 2119 discernere
1904 2082 1980 2131 pos-

271 2133 357 2173 fintff
370 2134 578 2180 Respondeo
587 2134 806 2173 affirmative,
816 2134 850 2168 in
859 2132 957 2180 cujus
973 2134 1021 2169 rei
1035 2134 1273 2169 testimonium
1283 2134 1407 2167 mirum
1424 2133 1506 2179 quid
1516 2132 1619 2166 refert
1630 2131 1895 2180 Digbaeustraela
1904 2144 1926 2168 1.
1936 2134 1982 2171 de

273 2194 342 2220 nat.
352 2194 447 2229 corp.
456 2185 503 2227 36.
519 2183 676 2217 Rusticos
690 2183 724 2217 in
733 2182 880 2218 Thracia
889 2183 934 2217 ita
947 2182 1175 2231 cognoscere,
1194 2194 1278 2217 num
1295 2181 1482 2216 fluviorum
1497 2182 1624 2227 hyeme
1635 2180 1899 2228 congelatorum
1909 2181 1980 2228 gla-

273 2233 344 2268 cies
360 2231 405 2265 lat
419 2229 516 2265 firma
524 2230 578 2271 fit,
592 2232 868 2279 utgradientium
884 2242 974 2266 onus
991 2231 1162 2270 sustineat,
1176 2231 1390 2266 observando
1401 2229 1541 2267 scilicet,
1551 2239 1667 2263 utrum
1685 2228 1805 2276 vulpes
1819 2229 1981 2265 midaei-er

273 2280 373 2330 super
382 2279 647 2325 eamincedant3
659 2279 713 2315 vel
730 2279 805 2327 post
819 2281 976 2315 admotas
993 2279 1111 2329 glaciei
1126 2278 1482 2326 aures(exploraturae
1500 2277 1641 2317 seilicet,
1658 2289 1742 2312 num
1753 2276 1981 2313 subterlaben-

273 2329 316 2365 tis
330 2339 424 2376 aquae
435 2327 555 2362 sonum
568 2328 744 2376 percipere
752 2326 902 2375 poffint)
922 2338 1148 2363 revertantur.
1180 2327 1363 2363 Coeterum
1380 2326 1595 2361 observatum
1614 2325 1676 2365 est,
1691 2324 1836 2372 glaciem
1847 2337 1978 2373 puram,

274 2387 350 2424 quae
367 2375 412 2411 est
427 2375 545 2415 crassa,
562 2379 650 2410 duos
660 2376 784 2425 digitos
800 2377 980 2411 hominem
1000 2376 1177 2421 sustinere3
1190 2387 1264 2423 quae
1272 2386 1358 2415 tres,
1374 2375 1526 2421 equitem
1534 2384 1724 2418 armatum3
1740 2373 1980 2422 quaepalmum

273 2437 357 2463 cum
367 2424 529 2466 dimidio,
543 2433 671 2460 turmas
679 2437 691 2470 3
705 2436 779 2472 quae
793 2434 942 2472 quatuor
949 2424 1076 2473 palmas
1084 2424 1255 2465 induruit,
1269 2425 1443 2472 integrum
1454 2421 1644 2458 exercitum
1658 2421 1758 2458 ferre.

761 2547 1481 2608 AP‘PEN‘DJX,

323 2675 440 2711 Rima.
489 2675 546 2711 Ad
559 2673 768 2711 artificialem
784 2674 1066 2721 congelationem
1078 2674 1113 2708 in
1122 2673 1310 2721 liquoribus
1319 2672 1572 2720 procurandam
1584 2668 1680 2707 certo
1691 2680 1912 2719 compertum
1921 2672 1980 2713 est,

331 2723 517 2771 plurimum
527 2723 649 2770 juvare
662 2724 807 2773 glaciem
822 2733 881 2758 aut
895 2722 1010 2757 nivem
1019 2722 1171 2758 cumsale
1179 2721 1360 2770 praesertim
1370 2721 1523 2759 marino,
1538 2720 1590 2755 vel
1601 2732 1680 2755 cum
1698 2721 1869 2760 nitro,vel
1879 2721 1983 2756 etiam

276 2784 359 2807 cum
367 2772 506 2806 vitriolo
521 2772 655 2820 laleque
669 2772 890 2807 ammoniaco
912 2771 1147 2809 commixtam,
1199 2770 1296 2817 Qin
1311 2769 1346 2804 ὅ(
1372 2769 1566 2804 saccharum
1583 2769 1690 2815 ipsum
1702 2780 1782 2804 cum
1802 2769 1884 2804 nive
1897 2780 1983 2804 con·

276 2818 434 2862 inminui
450 2843 459 2859 ,
473 2830 532 2855 aut
548 2821 678 2868 spiritus
687 2821 773 2860 vini,
788 2830 846 2855 aut
854 2819 972 2854 oleum
987 2819 1129 2859 vitrioli‚
1144 2818 1295 2865 salesque
1308 2819 1397 2865 pene
1412 2828 1535 2852 omnes
1543 2817 1648 2856 acidi,
1666 2827 1704 2851 ut
1718 2817 1824 2852 docet
1839 2818 1897 2853 Du
1910 2817 1982 2852 Ha-

276 2869 346 2903 mel
355 2869 410 2903 lib.
421 2881 441 2906 i.
451 2870 495 2903 de
505 2881 599 2916 corp.
608 2868 719 2906 affe&⁸
730 2880 759 2904 c.
768 2881 793 2913 ς,
803 2868 955 2903 eundem
966 2867 1128 2902 effeetum
1142 2866 1308 2914 praestant.
1349 2867 1379 2901 D
1386 2866 1526 2901 escartes
1542 2876 1627 2900 vero
1637 2865 1733 2900 hunc
1742 2865 1890 2901 modum
1898 2876 1981 2913 prae-

277 2916 407 2951 scribit:
422 2918 454 2951 Si
464 2916 629 2964 lalaequali
644 2918 751 2964 copice
762 2918 866 2956 nivis,
882 2916 1066 2964 autglaciei
1081 2915 1249 2950 conclusce
1265 2915 1372 2949 mixtu
1380 2929 1391 2948 ¹>
1401 2914 1490 2949 circa
1501 2925 1559 2948 vas
1574 2913 1715 2960 aliquod
1723 2925 1811 2961 aqua
1827 2913 1921 2948 dulci
1929 2925 1981 2949 re·
2032 2926 2051 2961 j·

277 2965 408 3012 pletum
425 2965 648 3014 disponatur3
673 2965 768 3000 simul
783 2977 824 3000 ac
840 2965 991 3000 humore
1004 2963 1046 2999 sal
1062 2962 1268 3004 dissolvitur,
1283 2963 1431 2999 mixtum
1446 2963 1518 2998 hoc
1534 2961 1663 3010 frigore
1676 2962 1856 2999 densatum
1869 2961 1982 3011 ingla·
2032 2967 2034 3000 Ξ
2052 2989 2054 2993 .

275 3012 367 3048 ciem
382 3014 462 3053 coit,

1884 3146 1924 3184 '².
1932 3143 1983 3181 Ex
