2054 3496
264 163 335 216 118
948 149 1313 222 Meteorologla

265 237 409 274 modice
417 236 549 275 calens,
565 233 726 269 omnium
735 232 886 268 maxime
893 233 1039 269 blandus
1047 233 1082 268 in
1090 233 1310 281 regionibus,
1325 243 1400 280 quae
1414 233 1564 269 maxime
1578 233 1702 269 distant
1715 234 1734 269 a
1749 235 1845 269 mari.
1877 231 1991 270 Mensi
2025 242 2028 258 ³

263 285 374 333 Aprili
383 283 602 331 summopere
610 282 781 317 familiaris
790 304 800 321 ,
816 282 966 329 quadam
977 282 1146 330 temperie
1156 281 1322 317 caloris&
1334 282 1490 316 humoris
1506 282 1651 332 glatiem
1667 283 1807 318 resolvit
1821 283 1857 318 δε
1876 284 1972 318 nives
1981 303 1994 322 ι,
2046 284 2054 309 l

268 335 365 369 unde
375 332 471 380 spirat
480 328 694 380 potissimum
704 353 713 370 ,
737 331 870 365 eumad
885 341 952 365 nos
965 341 1045 365 aves
1060 330 1094 364 in
1112 340 1194 366 vere
1209 330 1329 365 denuo
1343 340 1501 365 remeant
1512 353 1523 366 2
1548 342 1623 378 quae
1656 331 1785 377 hyeme
1800 330 1996 370 latitabant,
2046 331 2054 357 ὖ

266 392 344 417 tum
356 382 588 419 iterum,cum
599 379 770 413 anobisin
778 387 949 413 autumno
958 380 1141 413 recedunt.
1191 378 1347 413 Subinde
1355 378 1468 425 pluvia
1478 389 1648 426 temperat
1666 378 1756 413 Solis
1766 379 1918 413 calorem
1929 401 1939 417 ,
1957 378 1995 414 δε
2018 401 2025 428 5
2045 382 2054 406 ff

269 441 352 466 eum
361 427 531 477 aptiffime
540 429 582 463 ad
591 427 856 476 generationem
865 427 1006 462 humori
1016 426 1146 465 miscet.
1170 425 1316 474 Vesperi
1324 436 1383 461 aut
1395 427 1491 461 horis
1500 427 1747 474 pomeridianis
1767 427 1920 462 crebrius
1936 425 1998 474 spi·
2018 432 2025 454 ι·

265 488 328 514 rat.
354 476 446 512 Parit
456 477 562 512 varias
572 487 764 523 corporum
773 476 998 515 mutationes,
1007 474 1163 522 soletque
1169 474 1249 510 alias
1257 475 1355 509 tenui
1364 475 1492 522 frigore
1502 475 1632 510 saluber
1642 473 1725 515 effe,
1742 486 1783 510 ac
1801 475 1891 510 ambi
1896 487 1941 523 gu
1947 485 1996 516 us,
2019 490 2024 520 ¹,

271 528 351 562 Ova
360 526 519 573 quaedam
531 523 879 571 dicunturZephyria
889 523 943 558 seu
953 523 1121 562 Favonia,
1136 524 1239 570 quaea
1246 522 1380 572 gallinis
1395 533 1455 558 aut
1471 523 1642 559 columbis
1657 523 1812 571 generari
1827 533 1995 571 putantur
2019 526 2024 537 ¹

269 572 343 610 solo
354 573 474 609 inflatu
483 573 639 621 Zephyri
650 572 704 606 seu
716 571 870 607 Favonii.
923 572 1114 607 Dicebatur
1122 572 1226 607 etiam
1237 593 1247 611 ,
1262 571 1297 606 in
1306 570 1477 607 Lusitania
1485 583 1528 607 ex
1536 572 1607 606 solo
1617 571 1784 620 Zephyro
1792 582 1897 619 equas
1907 583 1992 606 con-

264 624 403 672 cipere3
429 623 526 669 quod
536 632 653 656 tamen
663 631 791 669 negant
799 619 953 657 Lusitani
961 619 993 655 se
1003 620 1159 668 experiri.
1209 619 1306 656 Alter
1314 620 1540 656 occidentalis
1551 630 1676 656 ventus
1691 619 1739 655 est
1745 619 1882 656 Africus
1892 642 1903 661 ,
1919 619 1995 655 solis

265 671 525 720 tempestatibus
540 668 692 706 celebris,

365 718 559 754 Conclusio
570 717 701 764 quinta.
725 716 866 752 Ventus
872 715 1042 765 generalis
1049 716 1163 751 Zonae
1171 715 1521 757 torridae·dominans,
1539 716 1648 764 qualis
1666 715 1713 752 est
1726 714 1922 752 subsolanus
1936 724 1997 751 aut

268 764 344 816 ejus
353 767 557 803 collateralis
569 777 642 800 non
651 765 686 800 in
695 766 860 801 omnibus
870 765 984 800 eidem
992 765 1106 800 Zonae
1116 762 1272 812 lubjeffis
1280 776 1317 799 re
1343 765 1481 800 ionibus
1493 764 1626 812 semper
1635 776 1708 800 uno
1717 764 1753 801 ὃ(
1769 766 1898 800 eodem
1907 774 1998 799 tem-
2020 786 2022 798 4

266 828 356 866 pore
374 816 409 851 ὅ(
418 815 500 851 loco
510 812 621 863 viget,
637 813 694 849 sed
704 813 808 848 subiis
818 811 1032 861 potiffimum
1042 813 1218 862 {ignorum
1227 813 1317 860 paral
1333 812 1391 848 elis
1400 835 1410 853 ,
1425 824 1501 861 quae
1512 813 1572 848 Sol
1587 813 1766 861 percurrit.
1817 814 1924 848 Unde
1937 824 1996 848 na-
2020 829 2024 858 3

265 877 327 902 ves
338 876 428 912 ,quo
436 864 578 912 propius
587 861 676 898 Solis
687 861 812 897 semitis
827 863 1164 902 accommodantur,
1178 873 1223 897 eo
1233 861 1393 899 faciliori,
1411 860 1631 910 breviorique
1645 861 1866 910 navigatione
1879 860 1998 896 termi-
2020 883 2024 907 ¹.

269 926 357 950 num
367 913 464 948 luum
474 910 748 958 consequuntur.
798 910 832 945 Si
841 910 1004 958 utrinque
1015 911 1033 945 a
1041 908 1254 946 semitaSolis
1263 909 1339 958 plus
1347 921 1448 957 aequo
1458 909 1671 949 recesserint,
1691 911 1738 945 ob
1756 921 1865 946 novas
1873 919 2000 944 vento-
2020 912 2024 949 ζ

270 975 362 1001 rum,
371 971 460 1008 quos
470 960 706 1008 experiuntur,
716 957 811 1006 leges
820 958 999 994 subsolano
1010 959 1199 994 contrarias
1216 959 1320 994 etiam
1337 959 1446 1007 magis
1460 959 1677 993 retardantur
1694 958 1730 994 δε
1746 958 1996 1006 impediuntur.
2021 961 2024 999 ἑ

267 1012 410 1046 Ventus
420 1009 522 1044 etiam
532 1008 589 1043 hic
607 1007 787 1043 Generalis
798 1007 856 1042 sub
864 1019 939 1042 uno
948 1007 985 1043 ὅ(
1001 1009 1129 1042 eodem
1139 1006 1301 1055 parallelo
1311 1007 1502 1043 indivisibili
1511 1007 1616 1054 (patio
1626 1018 1700 1042 non
1707 1006 1849 1046 ferturJ
1841 1009 1884 1042 ed
1893 1007 1999 1042 habet

270 1060 364 1095 suam
374 1057 592 1093 latitudinem
602 1057 638 1091 in
648 1054 1155 1103 nonnullislocismajorem,in
1165 1054 1235 1090 aliis
1244 1055 1432 1095 minorem.
1482 1056 1552 1090 Sub
1567 1055 1729 1103 Tropicis
1747 1056 1790 1091 ad
1804 1066 1837 1101 7.
1851 1056 1999 1104 gradum
2022 1055 2024 1061 ⁸

271 1107 393 1144 tamad
402 1105 682 1152 Austrum,quam
693 1106 736 1139 ad
754 1107 900 1140 Boream
909 1116 1092 1140 excurrere
1101 1113 1322 1151 compertum
1337 1104 1394 1140 est.
2021 1125 2024 1146 ,

368 1153 558 1191 Conclufio
571 1154 669 1191 sexta.
695 1152 825 1188 Inloco
835 1152 1146 1201 subpolariartiico
1159 1151 1406 1188 nullusventus
1415 1151 1688 1199 septentrionalis
1703 1160 1763 1187 aut
1777 1151 1998 1199 quiscunque
2022 1156 2025 1189 i
2043 1160 2054 1184 r

273 1205 359 1240 alius
375 1201 683 1253 praeteraustralem
694 1200 903 1249 daripotest3
928 1202 1165 1249 aquacunque
1175 1200 1269 1235 enim
1277 1200 1375 1249 plaga
1390 1201 1425 1234 in
1445 1212 1522 1235 eam
1546 1201 1727 1248 regionem
1745 1199 1845 1248 spiret
1858 1210 2000 1239 ventus,
2044 1198 2054 1233 ll

269 1254 452 1300 semper-ex
461 1249 821 1298 partibus-australibus
839 1251 880 1284 ad
900 1250 1170 1297 septentrionem
1180 1249 1320 1285 feretur.
1371 1249 1600 1284 Contrarium
1617 1248 1744 1284 accidit
1760 1248 1817 1284 sub
1827 1247 1911 1297 polo
1926 1258 2000 1284 ant·
2043 1258 2054 1281 m

273 1301 424 1345 arestico3
449 1311 529 1334 nam
539 1310 664 1334 omnes
674 1298 803 1334 ibidem
811 1299 908 1334 venti
917 1298 994 1333 lunt
1003 1297 1296 1345 septentrionales.
2021 1295 2053 1331 ile

368 1348 560 1385 Conclusio
568 1347 722 1396 septima.
735 1347 921 1382 Ornithius
930 1347 965 1382 ὅ(
975 1346 1209 1382 chelidonius
1218 1345 1416 1393 ventus,qui
1426 1346 1467 1380 ab
1475 1344 1718 1388 Hirundinum
1727 1345 1878 1381 adventu
1889 1346 1998 1380 deno·
2021 1378 2026 1390 ,

272 1399 442 1436 minatur,
453 1398 615 1432 oriuntur
623 1397 642 1430 a
653 1395 791 1430 diverfis
798 1395 885 1430 locis
895 1418 906 1435 ,
934 1395 991 1430 iub
1000 1394 1137 1430 diversis
1153 1404 1249 1429 terrae
1258 1393 1420 1429 traffibus
1428 1405 1537 1429 verno
1548 1395 1691 1441 quidem
1702 1403 1862 1440 tempore
1873 1393 1930 1429 sub
1941 1405 1997 1429 ve·
2021 1393 2026 1422 ἰ

273 1447 461 1496 spertinum
470 1444 606 1480 Ar&uri
616 1453 790 1481 exortum.
841 1444 962 1478 Fertur
977 1452 1093 1478 autem
1104 1442 1337 1478 Chelidonius
1346 1443 1436 1477 circa
1444 1441 1654 1477 terraelatera
1661 1441 1811 1482 humilis,
1821 1443 1999 1477 omnium-

273 1507 344 1545 que
355 1492 566 1530 tuaviffimus
580 1492 615 1528 c&
626 1488 930 1528 commodiffimus
940 1514 951 1531 ,
960 1502 999 1526 ut
1009 1492 1196 1538 plurimum
1204 1491 1333 1526 veroin
1345 1491 1536 1526 Favonium
1545 1491 1625 1528 abit.

370 1541 565 1579 >Conclusio
580 1540 712 1577 oslava.
739 1541 933 1587 Exhydrius
947 1550 1073 1575 ventus
1091 1541 1108 1574 :i
1122 1549 1264 1587 ruptura
1280 1540 1427 1574 nubium
1452 1538 1564 1574 diflius
1585 1538 1784 1586 germanice
1805 1536 2002 1577 moicscm

273 1593 424 1635 βαιάν
435 1590 636 1639 dupliciter,
647 1599 684 1624 ut
693 1588 906 1624 beneinnuit
922 1588 1251 1627 Kircher·us,exoriri
1261 1587 1346 1623 solet
1354 1587 1426 1632 3vel
1436 1588 1529 1622 enim
1539 1587 1685 1621 resoluta.
1697 1588 1729 1621 in
1740 1587 1926 1621 humorem
1937 1599 1998 1622 nu-

272 1643 369 1679 bium
381 1639 485 1679 mole,
495 1650 570 1686 quae
580 1638 614 1673 in
622 1647 747 1673 terram
760 1648 832 1671 non
842 1636 1005 1685 guttatim
1013 1636 1153 1676 decidit,
1163 1636 1218 1671 sed
1226 1636 1324 1671 totali
1333 1635 1500 1671 effusione
1508 1637 1625 1670 omnia
1645 1635 1874 1669 inundatione
1885 1633 1939 1669 sua
1949 1635 1999 1669 in-

272 1690 393 1733 festat3
417 1688 472 1723 vel
482 1688 585 1722 etiam
597 1687 721 1721 eximo
730 1697 899 1733 aquarum
908 1686 1086 1733 profundo
1096 1685 1252 1724 nascitur,
1261 1696 1342 1720 cum
1352 1696 1393 1719 ex
1401 1685 1486 1719 mari
1494 1681 1703 1730 quietiliimo
1713 1694 1873 1730 tempore
1882 1683 1918 1718 ἃ
1931 1695 2000 1718 ma-

274 1739 361 1775 lacia
370 1736 459 1785 quas1
469 1736 579 1784 scopis
594 1744 742 1783 purgato
754 1734 890 1782 exurgit
907 1734 1047 1781 quidam
1059 1745 1182 1781 vapor,
1191 1732 1357 1781 quiinstar
1365 1734 1473 1772 tubae,
1488 1742 1546 1767 aut
1561 1733 1709 1767 monicae
1725 1732 1760 1766 in
1777 1733 1944 1767 summam
1955 1731 1999 1766 al·
2022 1769 2026 1777 ¹

275 1787 463 1823 titudinem
475 1784 638 1833 paulatim
648 1785 801 1818 elevatur
824 1795 835 1827 3
860 1783 989 1817 deinde
997 1794 1081 1817 vero
1090 1783 1179 1817 adeo
1189 1781 1364 1821 dilatatur,
1383 1792 1422 1816 ut
1437 1791 1553 1816 totum
1569 1780 1604 1816 ὅ(
1614 1781 1745 1815 coelum
1760 1780 1795 1815 ὅ(
1811 1792 1905 1815 mare
1916 1782 2002 1815 den·

275 1837 312 1872 sa
321 1835 467 1883 caligine
476 1833 675 1880 cooperiat3
700 1843 785 1866 mox
794 1840 911 1866 autern
922 1827 1143 1865 horridiffimi
1153 1842 1192 1866 ac
1201 1829 1409 1866 incredibilis
1423 1828 1597 1865 violentiae
1615 1829 1710 1864 venti
1727 1828 2001 1876 consequuntur,

271 1885 402 1933 quibus
411 1884 578 1917 Oceanus
591 1878 1024 1918 tantan-abieincandescit,
1040 1889 1078 1914 ut
1093 1891 1200 1914 nemo
1220 1879 1317 1914 facile
1330 1878 1585 1914 formidabilem
1601 1877 1691 1912 illam
1709 1875 1878 1913 fluetuum
1892 1878 1999 1912 vehe-
2023 1899 2029 1903 »ι

277 1933 446 1969 mentiam
456 1930 645 1976 concipere
654 1939 776 1976 queat,
788 1940 854 1963 nec
864 1927 929 1962 ulla
939 1927 1037 1962 facile
1046 1929 1141 1962 navis
1150 1950 1159 1967 ,
1170 1927 1190 1962 fi
1200 1929 1341 1975 quando
1358 1938 1398 1962 ea
1416 1927 1451 1962 in
1466 1926 1678 1974 Exhydrium
1694 1922 1898 1971 hujusmodi
1912 1937 1998 1961 ven·
2028 1942 2032 1954 ·

272 1981 503 2018 ltumincidat,
512 1978 659 2013 evadere
667 1975 780 2024 poliit.
817 1976 927 2011 Venti
937 1976 973 2010 hi
984 1976 1145 2022 Exhydrii
1161 1976 1197 2011 in
1212 1975 1334 2011 nostris
1348 1975 1549 2023 regionibus
1565 1973 1676 2009 solent
1689 1972 1897 2021 plerumque
1910 1973 2002 2009 acci·
2026 1992 2030 2002 ι

276 2032 371 2069 dere,
379 2030 463 2063 dum
474 2033 532 2062 aes
540 2026 741 2073 comprimis
753 2024 799 2059 est
806 2024 906 2060 valde
914 2024 1117 2072 tranquillus
1125 2047 1136 2064 ,
1149 2035 1243 2059 rarus
1252 2024 1288 2060 ὅ(
1297 2024 1426 2060 calidus
1435 2047 1446 2064 ,
1465 2035 1508 2059 ex
1515 2022 1665 2058 nubibus
1681 2022 1760 2057 atris
1774 2021 1876 2057 valde
1891 2022 2001 2071 gravi-

276 2081 362 2118 bus,
372 2089 411 2113 ac
419 2087 516 2111 terrae
532 2075 725 2109 admodum
735 2073 955 2121 propinquis3
971 2083 1073 2119 atque
1082 2073 1185 2108 etiam
1195 2073 1233 2107 iis
1241 2072 1456 2120 potissimum
1466 2072 1570 2110 locis,
1587 2071 1645 2105 ubi
1660 2071 1751 2105 inter
1765 2071 1945 2105 montium
1961 2082 2000 2105 u-

275 2128 415 2173 trinque
423 2124 695 2160 constitutorum
705 2132 843 2158 catenas
854 2121 920 2157 live
927 2121 1094 2156 clausuras
1103 2131 1227 2156 ventus
1237 2120 1364 2169 aliquid
1373 2120 1517 2155 inferius
1524 2118 1731 2167 arrepere,&
1739 2119 1878 2154 easdem
1887 2120 1997 2155 nubes

272 2175 378 2213 facil}
388 2173 561 2210 sustinere,
569 2171 898 2218 alioquetransserre
907 2170 1090 2217 nequit-,in
1104 2170 1225 2217 apricis
1233 2179 1351 2204 autern
1366 2168 1628 2217 campestribus,
1645 2167 1730 2203 &in
1745 2167 1924 2215 planitiem
1940 2179 1998 2203 ex·
2023 2182 2029 2194 r

274 2222 499 2261 currenti-bus
510 2220 543 2255 lo
549 2220 596 2256 cis
603 2220 662 2255 vix
671 2217 845 2266 ejusmodi
852 2218 1012 2267 procellae
1021 2219 1228 2267 contingere
1237 2217 1357 2253 solent.

377 2271 529 2318 ‘Qaeres
537 2269 662 2316 primo.
686 2267 765 2303 Cur
772 2267 869 2303 venti
885 2266 1167 2315 septentrionales
1182 2266 1219 2303 ὅ(
1233 2265 1390 2301 australes
1408 2265 1471 2301 sint
1482 2264 1766 2301 vehementiores
1774 2263 1998 2300 orientalibus
2023 2277 2026 2295 ι

288 2320 326 2358 ὅ(
334 2317 622 2357 occidentalibus,
629 2316 709 2352 licet
717 2317 753 2351 in
762 2316 932 2364 aliquibus
940 2315 1026 2351 locis
1035 2315 1233 2363 oppositum
1242 2315 1434 2363 contingat.
1486 2313 1696 2361 Respondeo
1706 2326 1715 2348 z
1725 2313 1911 2348 Rationem
1921 2312 1999 2353 effe,

288 2369 370 2418 quia
378 2367 473 2403 venti
480 2365 764 2402 vehementiores
773 2366 935 2400 oriuntur
951 2376 993 2399 ex
1008 2364 1203 2404 montibus,
1219 2373 1258 2399 ut
1272 2363 1405 2398 constat
1419 2361 1648 2410 experientia,
1670 2361 1766 2409 quod
1775 2362 1938 2408 provenit
1955 2373 1999 2396 ex

286 2430 331 2454 eo
338 2440 350 2458 ,
370 2426 414 2452 ut
421 2422 515 2465 patet
525 2425 567 2450 ex
577 2413 675 2450 distis
683 2436 694 2453 ,
708 2413 787 2461 quia
797 2424 840 2448 ex
849 2413 1029 2447 montibus
1038 2411 1175 2447 exhalat
1183 2424 1308 2460 magna
1316 2412 1418 2460 copia
1427 2412 1601 2459 spirituum
1609 2432 1620 2449 ,
1629 2410 1687 2456 qui
1696 2407 1998 2445 vehementillime

287 2465 530 2508 concitantur3
552 2462 731 2497 >montium
740 2462 825 2497 vero
829 2459 913 2510 juga
921 2462 1159 2496 communiter
1166 2462 1426 2508 protenduntur
1434 2461 1452 2494 a
1467 2459 1700 2507 septentrione
1713 2459 1757 2492 ad
1770 2458 1953 2492 meridiem
1962 2457 1999 2493 in
2018 2487 2023 2493 .

289 2513 490 2552 Germania,
498 2511 620 2551 Gallia,
635 2510 798 2557 Hispania
805 2509 842 2545 &
849 2509 964 2545 Africa
973 2519 1046 2545 tota
1055 2508 1165 2544 secatu
1171 2521 1186 2544 r
1194 2509 1374 2552 montibus
1388 2506 1554 2556 protensis
1571 2507 1589 2541 a
1604 2505 1837 2553 septentrione
1844 2507 1887 2541 ad
1896 2506 2000 2541 meri-

287 2563 394 2599 diem.
419 2561 451 2597 Τ
453 2570 512 2596 ota
520 2559 766 2596 Asiadividitur
774 2559 951 2593 montibus
959 2557 1091 2597 Sinicis,
1100 2557 1242 2605 aliisque
1251 2557 1286 2592 in
1296 2558 1442 2592 eandem
1452 2565 1583 2604 partem
1596 2554 1872 2590 decurrentibus
1893 2557 2001 2590 Ame.
2022 2571 2031 2584 ν

285 2612 356 2649 rica
363 2608 599 2646 meridionalis
609 2608 644 2644 ὃ(
652 2619 778 2657 magna
785 2617 860 2655 pars
867 2607 1040 2642 Americae
1049 2605 1319 2654 septentrionalis
1329 2606 1493 2641 dividitur
1506 2604 1684 2638 montibus
1701 2603 1966 2638 decurrentibus
1978 2603 1998 2638 a

287 2659 522 2707 septentrione
530 2659 573 2693 ad
581 2657 775 2692 meridiem.
800 2654 913 2704 Qod
928 2654 949 2689 fi
963 2666 1093 2702 quaeras
1108 2654 1290 2690 occasione
1300 2653 1419 2701 hujus,
1434 2662 1622 2689 cur-natura
1636 2651 1853 2699 protenderit
1860 2660 2002 2686 montes
2027 2661 2031 2669 ·

287 2707 548 2755 aleptentrione
556 2706 598 2742 ad
607 2705 800 2740 meridiem.
827 2703 1054 2751 Respondeo:
1079 2703 1265 2738 Rationem
1275 2701 1351 2742 effe,
1369 2704 1449 2750 quia
1457 2711 1597 2736 montes
1607 2701 1682 2735 sunt
1691 2723 1701 2740 ,
1714 2699 1805 2748 quali
1814 2698 1882 2734 offa
1890 2710 2000 2741 terrae,

287 2766 327 2792 ut
336 2755 474 2791 firment
484 2755 575 2789 illam
584 2763 706 2789 contra
715 2764 820 2793 mare,
828 2752 863 2789 &
871 2751 1054 2800 praesertim
1062 2761 1185 2788 contra
1193 2762 1378 2791 oceanum,
1392 2763 1436 2785 ne
1446 2751 1577 2798 impetu
1587 2747 1645 2784 suo
1655 2759 1781 2784 terram
1789 2747 1936 2788 scindat,
1947 2747 2001 2783 O-
2027 2747 2030 2750 ’

287 2815 417 2842 ceanus
426 2804 520 2838 enim
530 2803 720 2838 secundum
727 2801 986 2851 longitudinem
995 2800 1193 2836 extenditur
1200 2800 1241 2835 ab
1250 2800 1386 2834 oriente
1393 2799 1428 2834 in
1437 2798 1660 2833 occidentem
1669 2819 1679 2836 ,
1697 2796 1732 2832 &
1739 2797 1896 2832 verberat
1903 2795 2000 2832 mole
2034 2815 2041 2844 .'

285 2864 453 2901 aquarum
462 2852 576 2887 littora
586 2849 863 2898 septentrionalia
870 2849 906 2885 ὃς
913 2849 1064 2885 australia
1072 2862 1083 2894 3
1108 2849 1204 2884 unde
1211 2847 1266 2883 illa
1272 2847 1440 2883 firmanda
1448 2848 1589 2882 fuerunt
1590 2859 1605 2893 J
1611 2858 1629 2881 u
1633 2846 1684 2894 gis
1692 2845 2000 2881 montium'excur-
2022 2861 2041 2889 »,·
2053 2861 2054 2883 ;

287 2901 445 2938 rentibus
453 2901 472 2935 a
480 2900 712 2947 septentrione
719 2901 761 2934 ad
770 2898 919 2934 austrum
930 2898 985 2933 seu
999 2898 1193 2933 meridiem.
2033 2895 2037 2900 ’
2053 2922 2054 2925 ,

388 2949 532 2997 Qaeres
542 2949 560 2982 s
555 2948 706 2983 ecundo.
733 2948 853 2995 Qare
859 2957 1033 2982 marmora
1042 2945 1177 2994 &ligna
1186 2955 1440 2992 nonnunquam
1449 2943 1632 2978 videantur
1640 2940 1758 2976 sudare
1767 2939 2001 2977 &madefieri.
2035 2983 2043 2987 „

288 2997 515 3045 Respondeo:
542 2996 729 3032 Rationem
738 3008 812 3030 non
822 2993 903 3036 effe,
918 2995 1014 3043 quod
1024 2993 1271 3042 iplamarmora
1279 2993 1435 3041 velligna
1450 2991 1611 3026 emittant
1628 2989 1724 3025 illum
1739 2991 1945 3029 humorem,
1960 2997 2002 3025 ut

283 3047 409 3095 vulgus
418 3055 526 3093 purat,
535 3044 591 3080 sed
600 3055 724 3079 ventos
732 3044 853 3083 afferre
860 3054 1017 3093 vaporeS,
1026 3043 1086 3091 qui
1094 3042 1325 3080 marmoribus
1334 3040 1605 3078 adhaerelcentes
1612 3061 1623 3081 ,
1639 3039 1681 3075 ab
1690 3037 1823 3087 illisque
1830 3037 1870 3073 fri
1873 3037 2001 3086 gesaffi
2022 3041 2024 3047 “

285 3094 504 3133 resolvuntur
516 3094 554 3130 in
567 3104 705 3142 aquam.
745 3136 749 3139 ¹

1843 3132 2022 3185 Colligesf
2039 3144 2042 3147 ·

2017 3192 2020 3267 l
2051 3201 2054 3269 l
